3084 4809
298 333 373 403 G.
431 334 545 415 26,
599 349 820 406 13—15.
2426 335 2517 405 57

482 537 730 609 Altero
763 538 1019 628 capitis
1051 539 1339 611 dimidio
1359 541 1809 623 Plutarchus
1833 541 1958 611 ubi
1987 540 2351 611 seditionis
2380 541 2526 611 exi-

295 678 428 744 tum
462 675 823 758 describit,
879 677 954 746 in
976 677 1395 754 universum
1432 677 1742 750 concinit
1775 695 1934 748 cum
1953 677 2246 761 ·Tacit0‚
2301 677 2520 767 quan·-

298 831 484 901 quam
544 811 905 882 interdum
973 834 1231 904 magna
1296 814 1629 898 libertate
1696 815 1943 885 utitur.
2053 813 2312 885 Primis
2365 815 2518 890 eius

298 948 510 1020 verbis
566 970 638 1020 v.
706 949 997 1026 13‚—15
1057 948 1453 1048 ἐμβαλόντος
1506 949 1581 1021 δὲ
1634 952 1723 1027 εἰς
1788 950 1904 1045 τὴν
1959 949 2241 1047 ἀγοράν,
2299 953 2526 1047 ὥσπερ

301 1086 550 1181 τροπαία
622 1085 1033 1177 πνεύματος,
1103 1059 1446 1184 ἀπήντησε
1513 1089 1708 1183 φήμη
1774 1093 2028 1185 κρατεῖν
2091 1087 2202 1157 τὸν
2243 1082 2521 1159 Ὄθωνα

304 1226 397 1291 τοῦ
445 1222 932 1318 στρατεύματος
999 1199 1176 1294 nihil
1229 1226 1439 1314 plane
1492 1228 1868 1315 respondet
1922 1228 2109 1314 apud
2165 1225 2517 1296 Tacitum.

312 1359 423 1430 Sed
456 1361 759 1433 Othonis
811 1381 1223 1451 prosperum
1278 1363 1350 1433 in
1389 1364 1644 1434 castris
1683 1381 2079 1434 successum
2118 1384 2176 1433 c.
2221 1363 2518 1434 36-38

324 1496 536 1569 diserte
593 1498 887 1588 exponit
939 1505 1010 1568 et
1060 1499 1323 1569 famam
1379 1502 1531 1588 eius
1559 1501 1689 1572 ‘rei
1739 1502 1942 1573 brevi
1998 1500 2326 1572 diffusam
2370 1521 2525 1571 esse

329 1653 374 1703 o.
420 1636 518 1719 39,
584 1641 616 1706 1
679 1657 780 1727 sq.
849 1643 1192 1707 memorat
1256 1643 1387 1706 iam
1452 1601 1803 1708 &territus
1863 1636 2007 1709 Piso
2059 1640 2329 1733 fremitu
2381 1659 2521 1709 cre-

332 1768 620 1844 brescentis
674 1774 1013 1845 seditionis·
1063 1778 1125 1844 et
1195 1772 1449 1846 vocibus
1503 1780 1573 1844 in
1627 1772 1848 1845 urbem
1899 1795 2103 1869 nsque
2153 1779 2516 1845 resonanti—

349 1902 441 1976 bus
492 1932 798 2004 egressum
864 1914 1121 1984 interim
1196 1909 1461 1982 Galbam
1542 1914 1608 1982 et
1674 1912 1822 2005 foro
1898 1911 2520 2007 adpropinquantem

349 2041 618 2126 adseculas
668 2051 832 2136 erat,
872 2048 995 2119 ubi
1047 2049 1227 2120 nihil
1280 2069 1324 2119 a
1376 2048 1774 2126 Plutarcho.
1804 2049 2192 2139 discrepat3
2242 2052 2521 2148 τροπαία

328 2182 469 2253 nihil
525 2185 722 2256 aliud
770 2192 897 2276 ‚est
963 2207 1173 2276 quam
1245 2207 1421 2258 voces
1473 2191 1546 2258 in
1596 2184 1820 2264 urbem
1871 2208 2072 2282 usque
2124 2191 2517 2272 resonantes.

317 2318 404 2389 Ne
463 2329 696 2394 cetera
752 2322 1034 2413 quidem
1089 2321 1458 2407 differunt,
1515 2323 1577 2394 si
1630 2325 2094 2406 Plutarchum
2145 2344 2257 2393 res
2312 2325 2523 2420 aliter

312 2476 693 2550 componere
751 2459 1157 2532 omittimus

685 2680 891 2690 .—-—·—-—-

298 2816 433 2884 quod
467 2814 725 2870 Galbam
759 2812 903 2867 foris
937 2812 1188 2867 rediisse
1222 2821 1342 2866 non
1380 2811 1524 2866 dicit
1560 2815 1779 2884 aperte.
1812 2845 1876 2853 —
1916 2814 2133 2868 Contr'a
2165 2811 2522 2871 Plutarchus

289 2918 401 2955 rem
434 2901 521 2956 ita
559 2899 799 2962 videtur
834 2898 949 2956 sibi
985 2897 1304 2968 effinxisse,
1330 2904 1398 2952 ut
1433 2898 1623 2956 Galba
1656 2917 1764 2971 per
1799 2918 1971 2960 omne
2005 2906 2240 2971 tempus
2278 2918 2314 2955 a
2347 2903 2522 2957 turba

223 3003 227 3012 ·
290 2987 543 3064 conferta
579 2990 961 3057 premeretur.
1036 2984 1226 3039 Galba
1262 2981 1559 3039 sacrificat
1604 2979 1663 3041 ἐν
1698 2977 1966 3062 Παλατίῳ
2009 2988 2077 3054 (c.
2113 2987 2198 3056 24,
2226 2987 2337 3057 10);
2374 3005 2521 3042 nun-

289 3072 391 3127 tius
429 3074 502 3127 de
552 3071 804 3127 Othonis
852 3048 1155 3126 seditione*
1189 3059 1445 3124 advenit
1470 3068 1572 3134 sic
1596 3066 1672 3125 ’ξδ’
1695 3057 1980 3130 Παλᾶτὼν
2011 3073 2308 3142 (α-ῼόςῦῡ)
2340 3074 2523 3136 saenis

294 3159 543 3213 nondum
577 3155 789 3226 finitis3
826 3156 1039 3212 deinde
1075 3156 1454 3210 multitudine
1490 3156 1752 3225 undique
1789 3162 2177 3212 concurrente
2214 3157 2425 3213 Vinius
2464 3164 2524 3214 et

284 3241 427 3299 Laco
485 3249 548 3297 et
594 3242 864 3297 nonnulli
899 3260 931 3297 e
968 3241 1193 3297 libertis
1241 3240 1461 3295 strictis
1507 3240 1722 3312 gladiis
1758 3241 1991 3313 plebem
2030 3259 2229 3296 arcere
2268 3241 2523 3298 student.

281 3328 530 3384 Galbam
556 3328 739 3399 igitur
765 3328 944 3383 etiam
966 3334 1095 3382 tum
1128 3328 1191 3382 in
1227 3326 1423 3382 media
1459 3327 1636 3381 turba
1670 3326 1856 3380 fuisse
1892 3326 2220 3397 putandum
2247 3332 2352 3382 est.
2409 3328 2526 3383 Sed

279 3421 333 3470 et
387 3434 468 3469 ex
522 3413 622 3483 iis,
679 3432 830 3486 quae
877 3405 1227 3485 sequuntnr,
1274 3413 1602 3486 principem
1649 3412 1769 3466 iam
1816 3412 1973 3468 domi
2016 3411 2204 3468 fuisse
2255 3412 2524 3482 efficitur,

274 3518 473 3573 neque
518 3500 689 3571 quod,
723 3506 927 3555 narrat
971 3499 1249 3556 credibile
1287 3505 1393 3554 est.
1432 3559 1435 3564 ,
1464 3500 1780 3570 Nunquam
1819 3498 1976 3554 enim
2013 3499 2279 3561 accidere
2315 3501 2521 3572 potuit,

274 3593 339 3642 ut
376 3588 500 3642 duo
537 3585 825 3664 praefecti
866 3585 1148 3658 praetorii
1185 3586 1260 3658 ad
1294 3586 1715 3657 imperatorem
1751 3603 1787 3639 a
1821 3583 2198 3639 multitudine
2234 3587 2522 3641 tuendum

270 3672 514 3744 gladios
549 3673 928 3743 stringerent,
956 3667 1089 3727 cum
1126 3671 1443 3727 stationem
1479 3672 1542 3726 in
1567 3670 1797 3730 Palatio
1821 3671 2059 3742 integra
2083 3676 2298 3750 ageret·
2315 3672 2525 3728 cohors

269 3757 592 3830 praetoria.
664 3758 854 3825 Quam
898 3759 970 3812 ob
1010 3775 1140 3813 rem
1171 3758 1286 3812 hoc
1322 3776 1358 3811 a
1391 3757 1711 3812 Plutarcho
1747 3756 1949 3811 fictum
1987 3763 2094 3812 est.
2166 3757 2351 3812 Paulo
2387 3764 2525 3829 post

270 3844 476 3902 Galba
512 3843 663 3918 domi.
697 3843 932 3922 videtur
965 3843 1170 3914 fixisse,
1194 3843 1451 3914 legimus
1490 3843 1656 3898 enim.
1685 3842 1752 3897 G.
1788 3843 1872 3911 25,
1896 3844 1979 3913 26,
2014 3835 2295 3898 Pisonem
2329 3839 2525 3919 προελ-

270 3924 459 3986 θόντα
505 3929 722 3984 milites
759 3929 1098 3984 adlocutum
1135 3946 1283 3999 esse,
1322 3935 1383 3984 et
1418 3929 1484 3985 G.
1521 3928 1605 3998 26,
1644 3928 1673 3981 1
1704 3928 1867 3983 idem
1890 3917 2225 3998 invenimus
2245 3929 2523 4002 verbum.

268 4014 665 4069 Plutarchum
712 4014 903 4085 igitur
940 4014 1161 4070 claram
1204 4015 1295 4071 rei
1326 4014 1648 4087 imaginem
1703 4013 1816 4068 sibi
1858 4032 1977 4070 non
2023 4015 2268 4069 finxisse
2314 4033 2527 4087 cogno-

267 4100 521 4158 scimus.
572 4099 772 4164 Facile
806 4105 1010 4157 autem
1042 4100 1165 4158 hoc
1181 4100 1309 4166 fieri
1332 4101 1537 4172 potuit,
1578 4100 1630 4155 si
1654 4098 1863 4155 Tacito
1898 4099 2063 4155 fonte
2098 4115 2246 4155 usus
2271 4106 2389 4171 est,
2426 4102 2526 4172 qui

266 4192 336 4241 et
388 4185 523 4256 ipse
564 4204 686 4242 non
722 4204 817 4255 ea,
865 4204 1040 4257 quam
1076 4204 1187 4241 nos
1224 4186 1461 4258 quidem
1497 4186 1875 4257 requirimu8‚
1913 4186 2336 4259 perspicuitate
2371 4188 2526 4241 hanc

265 4288 412 4326 rem
454 4269 820 4345 expresserit.
882 4261 886 4266 ’
1080 4269 1092 4284 ”
1118 4261 1147 4272 ”
1985 4271 1990 4276 “
2188 4269 2194 4276 “
