3084 4809
551 331 642 402 26

544 534 884 629 adoptione
969 558 1178 607 seeum
1251 541 1316 607 et
1375 559 1517 607 cum
1587 541 1913 629 promimz's
1991 540 2331 632 agitantis,
2426 557 2553 605 non
2628 557 2785 605 sane

547 671 833 744 crebrior
919 677 1050 743 tota
1136 677 1389 750 civitate
1477 694 1686 744 sermo
1755 695 1878 766 per
1956 673 2105 743 illos
2192 696 2438 744 menses
2522 674 2745 768 ficerat
2755 691 2784 755 ;

542 810 995 898 adoptionem
1071 810 1367 881 dilatam
1433 830 1586 880 esse
1664 830 1752 879 ex
1806 811 2056 882 Tacito
2127 831 2400 900 quoque
2467 814 2782 900 apparet,

545 967 702 1017 cum
780 947 1027 1036 primis
1109 948 1381 1017 demum
1460 948 1509 1019 J
1511 947 1794 1017 anuarii
1872 948 2122 1018 diebus
2203 952 2468 1018 certum
2552 947 2785 1017 Galba

545 1088 829 1172 caperet
880 1083 1271 1155 consilium.
1363 1084 1497 1154 Sed
1537 1086 1722 1173 quod
1760 1085 2063 1156 Galbam
2102 1085 2381 1156 silentio
2437 1090 2508 1153 et
2559 1101 2784 1172 aequo

543 1221 778 1292 animo
833 1221 1190 1293 audivisse
1244 1221 1532 1291 Vinium
1586 1221 1805 1292 refert
1856 1222 2307 1302 Plutarchus,
2374 1223 2507 1292 hoc
2559 1240 2786 1310 neque

545 1359 839 1429 Tacitus
908 1364 1428 1442 commemorat,
1498 1377 1724 1447 neque
1790 1358 1978 1429 ullus
2048 1364 2301 1429 auctor
2378 1358 2785 1447 excogitare

542 1481 793 1585 potuit.
903 1496 1071 1581 Qua‘
1114 1517 1189 1566 re
1256 1497 1434 1566 haec
1485 1494 1841 1583 particula
1916 1495 2042 1565 alii
2109 1494 2290 1566 fonti
2357 1495 2785 1567 vindicanda

544 1638 672 1703 est.
738 1614 1112 1704 ‚Ultimum
1154 1633 1367 1703 huius
1405 1631 1661 1721 capitis
1697 1632 2136 1702 enuntiatum
2190 1632 2546 1705 invenitur
2598 1631 2790 1720 apud

544 1770 872 1840 Tacitum
927 1791 984 1841 c.
1051 1774 1084 1840 l
1101 1773 1164 1853 3,
1225 1772 1314 1839 21
1367 1766 1734 1868 jacentibus
1779 1768 2108 1861 plerisque
2162 1768 2459 1837 militum.

748 1906 1082 1977 Fortasse
1168 1907 1345 1977 haec
1429 1906 1574 1976 tria
1663 1906 1903 1994 capita
1994 1904 2427 1975 Plutarchea
2506 1903 2789 1975 omnino

544 2065 684 2115 non
736 2045 1040 2133 pendent
1094 2065 1137 2113 a
1193 2043 1446 2117 Tacito
1517 2045 1639 2114 sed
1706 2044 2042 2114 universa
2113 2062 2201 2112 ex
2271 2047 2559 2113 auctore
2627 2049 2789 2111 ort-a

544 2188 725 2264 sunt,
787 2201 989 2270 quem
1036 2181 1106 2250 ‘is
1161 2201 1433 2271 quoque
1482 2184 1767 2251 secutus
1821 2184 1947 2249 est.
2040 2179 2322 2261 Verum,
2361 2197 2516 2248 611111
2573 2178 2786 2247 111161·-

545 2319 709 2387 1111111
781 2337 1158 2388 consensus
1226 2323 1579 2400 cernatur,
1647 2316 1898 2405 negari
1963 2335 2101 2385 non
2164 2320 2415 2404 potest,
2490 2315 2775 2386 Plutar-

544 2455 751 2524 chum
808 2454 1196 2544 inspexisse
1264 2454 1491 2543 ipsum
1550 2431 1876 2524 Tacitum
1951 2459 2022 2523 et
2089 2452 2569 2522 narrationem
2630 2450 2773 2519 eius

546 2591 992 2662 coniunxisse
1049 2612 1206 2662 cum
1261 2592 1407 2661 alio
1461 2591 1678 2661 fonte.
1763 2590 1900 2675 Qui
1953 2590 2172 2660 fuerit
2224 2589 2342 2659 hic
2379 2588 2545 2659 fons
2589 2588 2783 2676 igno-

544 2749 803 2812 ramus,
873 2730 990 2799 sed
1061 2730 1345 2800 videtur
1396 2729 1579 2814 idem
1644 2727 1863 2797 fuisse
1928 2732 2140 2816 atque
2208 2725 2462 2797 Taciti.
2566 2723 2784 2792 Prae-

548 2873 744 2936 terea
813 2870 1129 2954 apparet,
1222 2865 1685 2936 Plutarchum
1765 2864 1866 2934 ibi
1943 2830 2237 2953 quoque,
2314 2863 2438 2934 ubi
2529 2860 2789 2931 Tacito

547 3004 654 3073 uti
689 3007 927 3091 posset
962 3010 1032 3071 et
1067 3022 1238 3072 usus
1276 3022 1426 3074 esse
1462 3002 1815 3084 videatur,
1872 3022 2008 3071 non
2048 3003 2138 3072 ad
2175 3004 2469 3075 verbum
2507 3017 2792 3087 expres-

549 3141 724 3210 sisse
778 3139 1063 3223 fontem‚
1121 3141 1241 3212 sed
1293 3139 1603 3228 perlecto
1660 3159 1739 3208 eo
1780 3140 2087 3210 scribere
2142 3138 2482 3226 coepisse:
2539 3155 2677 3224 qua
2717 3134 2802 3205 111

551 3299 627 3349 re
704 3298 977 3349 errores
1043 3298 1182 3348 non
1251 3277 1535 3350 vitavit.
1656 3278 1812 3347 Hoc
1881 3275 2162 3364 saepius
2232 3273 2799 3345 observabimus.

550 3414 664 3485 Ex
720 3416 802 3485 G.
871 3417 981 3497 19,
1041 3416 1309 3496 6-20‚
1372 3418 1459 3485 18
1510 3434 1677 3486 vero
1734 3433 1871 3502 quo
1920 3413 2124 3483 modo
2162 3410 2455 3482 Tacitus
2512 3408 2809 3480 uberio-

548 3571 696 3621 rem
748 3550 1012 3620 fontem
1067 3550 1589 3621 circumciderit
1624 3550 2104 3639 cognovimus,
2199 3550 2402 3630 Nam,
2460 3547 2675 3617 etiam
2735 3547 2814 3617 si

548 3708 799 3777 pauca,
875 3706 1053 3775 quae
1141 3663 1357 3757 nim‘ia
1428 3688 1878 3775 loquacitate·
1948 3685 2344 3775 offendunt,
2417 3684 2815 3756 Plutarchi

552 3824 833 3912 ingenio
889 3822 1351 3893 adscribenda
1406 3829 1588 3906 sunt,
1646 3830 1880 3894 tamen
1964 3864 2042 3874 —-
2126 3824 2198 3893 id
2269 3823 2453 3911 quod
2509 3839 2596 3889 ex
2651 3820 2815 3892 Ta-

555 3961 694 4031 cito
759 3953 1246 4049 cognescimus
1307 3999 1408 4009 -—
1468 3967 1830 4031 auctorem
1885 3951 1959 4029 in
1995 3960 2403 4032 universum
2458 3965 2825 4031 accurate

555 4098 987 4186 exscripsit*
1058 4097 1143 4168 Id
1195 4102 1429 4168 autem
1484 4098 1771 4186 dubium
1828 4102 1953 4179 est,
2009 4103 2246 4166 utrum
2299 4095 2553 4176 omnia,
2610 4113 2829 4182 quae
2897 4153 2902 4160 .

557 4236 641 4305 de
696 4233 969 4304 Othone
1034 4234 1248 4321 digna
1313 4240 1515 4304 erant
1580 4239 1989 4315 memoratu,
2066 4232 2139 4301 in
2205 4232 2399 4303 fonte
2464 4231 2598 4301 hoc
2652 4250 2830 4307 uno
