3084 4809
283 308 360 379 G.
419 308 533 391 26,
585 325 807 382 εει-35.
2412 308 2500 380 61

273 510 340 581 δὲ
370 512 551 609 καλῷ
590 513 700 581 καὶ
734 518 835 609 τῷ
868 512 1053 609 νόμῳ
1093 510 1367 610 βοηθῶν
1394 512 1590 609 προέ-
1688 517 1980 609 pug'ione·
2015 529 2358 584 occurrens
2393 536 2508 584 ar-

272 674 385 746 στη
411 656 523 721 τοῦ
562 654 857 746 φορείου.
905 650 1011 720 καὶ
1044 650 1115 720 τὸ
1151 648 1374 746 κλῆμα
1408 658 1590 745 πρῶ·
1697 637 1887 704 malis
1938 637 2002 703 θί
2033 635 2240 708 8664118
2272 654 2510 727 &mpro-

276 811 388 871 τον,
427 782 484 884 ᾧ
518 785 905 866 κολάζουσιν
943 786 1397 884 ἑκατοντάρχαι
1444 785 1594 862 τοὺς
1689 750 1895 842 bran-⁸
1946 777 2038 842 αθ,
2074 753 2257 825 modo
2313 777 2511 830 'mam‘

1697 873 1880 945 modo
1932 896 2077 945 voce
2113 872 2407 946 vertendo
2442 880 2509 943 in
2523 941 2532 952 ,,

1696 1016 1765 1065 se
1810 1016 2223 1087 percussores
2256 1050 2271 1064 .
2302 1049 2317 1066 .
2354 992 2511 1090 ..Pi—

1698 1120 1845 1183 som’
1873 1113 2189 1211 efficgz'um
2227 1112 2432 1184 dedit.
2458 1170 2470 1183 .
2496 1135 2522 1185 .·

287 1196 604 1292 φείδεσθαι
659 1203 775 1269 τοῦ
828 1198 1317 1298 αὐτοκράτορος.
1371 1196 1596 1270 ἔπειτα
1700 1254 1758 1304 0·
1818 1236 1948 1317 42,
2007 1236 2048 1305 6
2126 1237 2348 1304 idem-t·
2377 1217 2555 1331 (ses

279 923 535 1019 πληγῶν
591 923 967 1017 δεομένους,
1014 924 1428 1021 ἐπαράμενος
1458 930 1594 1001 τοῖς

283 1060 756 1157 ἐπιφερομένοις
807 1059 970 1160 ἐβόα
1032 1063 1139 1130 καὶ
1193 1061 1598 1168 διεκελεύετο

294 1334 818 1427 συμπλεκομένων
854 1336 1039 1432 αὐτῷ
1068 1337 1487 1429 σπασάμενος
1520 1336 1593 1406 τὸ
1685 1348 1987 1450 Vinius)
2018 1359 2235 1447 primo
2268 1357 2400 1425 ictu
2439 1360 2514 1424 m

304 1467 450 1565 ξιφος
506 1473 805 1569 ἠμύνατο
869 1472 1073 1542 πολὺν
1139 1474 1386 1570 χρόνον,
1465 1473 1598 1550 ἕως
1692 1476 2000 1568 ρεφίὶίεηι
2050 1530 2065 1547 .
2114 1530 2127 1544 .
2170 1529 2186 1546 .
2230 1529 2247 1546 .
2297 1478 2514 1544 trans-

311 1607 533 1702 τυφθεὶς
575 1610 698 1685 τὰς
748 1608 975 1704 ἴγνυας
1028 1608 1247 1680 ἔπεσε.
1701 1593 2094 1667 verberam-5·
2133 1659 2138 1666 -

316 1744 477 1816 Luce
531 1749 793 1819 clarius
865 1756 992 1832 est,
1048 1756 1425 1839 utrumque
1475 1749 1893 1838 scriptorem
1945 1750 2128 1820 idem
2182 1767 2516 1821 enarrare

331 1880 584 1971 lactum3
625 1885 950 1958 variasse
1002 1886 1185 1957 enim
1239 1886 1502 1956 famam
1557 1887 1644 1956 de
1687 1886 1831 1957 hac
1882 1907 1959 1957 re
2012 1905 2152 1958 non
2204 1893 2314 1958 est
2357 1888 2519 1960 ‘veri

340 2017 535 2091 simile.
623 2024 877 2113 ltaque
931 2043 1090 2095 cum
1126 2024 1468 2094 alteruter
1505 2015 1857 2096 erravisse
1893 2023 2244 2108 videatur,
2283 2030 2370 2096 et·
2391 2045 2520 2114 per

322 2174 382 2225 se
431 2163 489 2228 et
543 2167 834 2250 propter
905 2161 1319 2233 Suetonium
1340 2143 1404 2258 ’1)
1475 2160 1940 2248 Plutarchum
2003 2161 2515 2234 accusaverim.

304 2293 428 2365 Aut
480 2295 670 2368 fonte
740 2285 960 2387 prave
1012 2284 1371 2370 intellecto
1425 2304 1554 2369 aut
1603 2299 1952 2374 memoria·
2006 2298 2232 2369 falsus
2296 2298 2520 2369 Densi

298 2429 541 2505 facinus
595 2435 689 2505 ad
729 2436 1033 2506 Galbam
1084 2436 1365 2507 rettulit
1400 2441 1471 2507 et
1506 2435 1704 2506 Vinii
1738 2436 1997 2507 vulnus
2031 2437 2287 2508 tribuit
2326 2436 2519 2507 Sem-

292 2572 528 2658 pronio.
644 2573 902 2662 Lange
922 2568 987 2671 2)
1052 2572 1228 2643 illud
1281 2573 1585 2656 conicit‚·
1618 2573 1938 2662 equidem
1991 2574 2512 2663 neglegentiam

289 2709 386 2780 vel
432 2710 819 2781 memoriae
872 2729 1181 2782 errorem
1235 2715 1550 2781 statuere
1603 2709 1866 2780 malim.
1958 2709 2256 2800 Singula
2308 2711 2522 2799 plane

285 2848 651 2919 concinunt
663 2834 687 2916 i
719 2845 904 2948 ἥλιος
938 2845 1197 2915 ἐπεῖδεν
1234 2847 1418 2917 idem
1454 2852 1565 2918 est
1600 2848 1785 2936 quod
1821 2850 2002 2918 aetas
2054 2846 2230 2920 vidit.
2334 2848 2521 2919 Den-

284 3004 421 3055 sum
459 2983 650 3055 nihil
685 2984 853 3055 boni
887 3005 932 3055 a
970 2985 1204 3056 Galba
1240 2984 1598 3074 accepisse
1635 2985 1784 3072 ipse
1828 2985 2258 3055 Plutarchus
2292 2985 2526 3076 potuit

284 3122 552 3205 addere,
610 3141 749 3212 quo
802 3113 1032 3211 magis
1067 3122 1406 3193 virtutem
1445 3120 1597 3190 eius
1635 3119 2061 3209 celebraret3
2118 3123 2287 3200 item
2309 3122 2522 3192 .Den-

274 3278 417 3331 sum
455 3278 637 3332 voce
675 3263 749 3329 et
782 3258 1021 3347 gladio
1058 3234 1497 3329 incurrentes
1535 3258 1850 3328 arcuisse
1904 3258 2097 3342 dicit,
2154 3261 2397 3329 eadem
2447 3259 2530 3330 in·

266 3396 565 3485 proeliis
632 3395 1112 3466 describendis
1174 3395 1506 3466 libertate
1572 3415 1763 3466 usus,
1851 3395 2028 3465 Hoc
2078 3397 2523 3485 potissimum

263 3535 418 3605 loco
483 3532 723 3603 Taciti
775 3533 1012 3604 verbis
1065 3532 1248 3603 modo
1300 3554 1498 3601 manu
1551 3531 1756 3602 modo.
1787 3554 1930 3636 voce
1982 3534 2326 3605 adductus
2392 3542 2520 3606 est.

260 3671 529 3762 Itaque
581 3670 800 3741 alium
852 3668 1114 3740 fontem
1170 3669 1488 3740 conicere
1541 3691 1681 3741 non
1733 3675 1843 3739 est
1892 3690 2196 3741 necesse.
2352 3648 2360 3656 ’

475 3833 536 3901 ’1)
612 3832 932 3889 Suetonius
987 3850 1217 3905 quoque
1272 3833 1338 3888 G.
1390 3834 1463 3888 20
1511 3832 1810 3889 neminem
1863 3833 2086 3889 Galbae
2141 3824 2336 3906 opern‘
2366 3829 2521 3890 ferre

261 3926 558 3984 conatum
590 3920 789 3975 tradit.
2189 3988 2194 3994 η

484 4006 536 4074 2)
602 4006 654 4061 L
675 4022 830 4076 ang
852 4023 884 4060 e
919 4006 956 4060 1.
1002 4004 1037 4059 1.
1075 4023 1130 4076 p.
1167 4005 1235 4060 62
1267 4005 1467 4059 verbis
1503 4004 1695 4059 Taciti
1730 4022 1777 4060 c.
1813 4007 1896 4076 43,
1933 4007 1968 4060 2
1997 4028 2036 4060 a
2084 4007 2249 4058 Galba
2283 4007 2525 4059 custodiae

258 4093 482 4145 Pisonis
515 4093 709 4145 additus
744 4108 866 4146 non
900 4090 1218 4146 intellectis
1257 4108 1515 4146 errorem
1552 4096 1745 4145 ortum
1782 4107 1915 4145 esse·
1963 4091 2294 4146 arbitratur.
2366 4091 2522 4147 Sane

261 4178 340 4233 de
379 4177 506 4231 hoc
538 4178 669 4233 loco
705 4178 832 4232 solo
868 4182 1066 4249 potest
1102 4176 1367 4247 cogitari,
1406 4176 1511 4231 sed
1535 4176 1691 4247 quod
1716 4178 1852 4232 Tac.
1891 4194 1938 4233 c.
1970 4177 2055 4246 43,
2090 4179 2126 4231 5
2152 4183 2355 4249 aperte
2382 4177 2525 4233 dicit

256 4264 455 4316 Pisoni
485 4266 705 4331 efficqium
738 4264 881 4328 dedit,
917 4263 1069 4318 haec
1105 4261 1449 4317 coniectura
1484 4262 1715 4317 incerta
1748 4268 2032 4318 remanet.
2439 4259 2442 4264 ’
