3084 4809
136 4539 149 4544 ι.
174 4527 265 4542 .-ί.,.;

524 309 620 378 54
2029 347 2033 354 -
2285 296 2370 365 G.
2432 295 2549 376 26,
2608 303 2764 357 1—9.

523 519 640 584 tus
693 511 935 581 eodem
986 508 1141 578 loco
1179 505 1360 576 alios
1396 504 1488 574 ad
1524 501 1708 576 alias
1758 500 2000 589 copias
2045 499 2296 569 missos
2332 518 2483 569 esse
2519 498 2764 581 tradit,

522 650 656 720 hoc
709 645 988 717 silent-io
1041 641 1402 734 praeterit.

727 784 898 874 Cap.
956 782 1205 854 XXVI
1256 780 1666 851 universum
1717 780 1956 864 potest
1988 774 2323 845 haustum
2359 791 2511 843 esse
2548 791 2585 842 e
2624 772 2768 842 Ta-

521 923 684 1006 cito,
739 922 845 993 ita
897 927 979 992 ut
1030 917 1460 991 Plutarchus
1512 913 1993 985 narrationem
2046 911 2197 982 eius
2251 909 2720 990 coartaveritz,

1547 1072 1606 1122 c.
1667 1052 1785 1133 32,
1844 1051 1887 1136 8
1945 1070 2046 1139 sq.
2161 1051 2418 1117 interim
2497 1043 2775 1115 Galbam

523 1166 593 1218 V·
678 1146 886 1215 l'’‘4
961 1140 1438 1240 βουλευομένου
1546 1170 1713 1241 duae
1826 1171 2179 1239 sententiae
2317 1163 2711 1236 distinebant
2738 1184 2767 1234 .·

527 1298 600 1368 δὲ
651 1303 765 1368 τοῦ
812 1294 1042 1393 Γάλβα
1094 1294 1444 1394 προελθεῖν
1559 1289 1621 1362 Τ.
1683 1288 1900 1360 Vinius
1963 1287 2351 1358 manendum
2424 1288 2602 1356 intra
2655 1285 2775 1355 do-

1550 1432 1720 1479 mum
1780 1463 1796 1477 .
1832 1463 1847 1478 .
1884 1463 1898 1478 .
1954 1405 2251 1478 censebat
2312 1461 2328 1477 .
2362 1458 2375 1472 .
2407 1458 2420 1474 .
2476 1425 2536 1476 c.
2570 1405 2691 1489 33,
2725 1408 2769 1476 1

1539 1528 1984 1625 festinandum
2126 1529 2352 1598 ceteris
2508 1523 2773 1596 videba-

1549 1653 1657 1720 tur
1712 1705 1725 1718 .
1790 1704 1804 1719 .
1864 1704 1877 1717 .
1950 1670 2018 1720 v.
2104 1650 2199 1718 12
2296 1649 2771 1740 repugnantem

527 1454 635 1523 καὶ
671 1447 929 1525 Οὐινίου
974 1451 1091 1546 μὲν
1130 1453 1243 1523 οὐκ
1278 1451 1442 1520 ἐῶν-

525 1633 650 1694 τος,
678 1604 939 1678 Κέλσου
969 1603 1026 1704 ¹)
1064 1605 1138 1677 δὲ
1171 1608 1277 1676 καὶ
1304 1603 1442 1676 Λά-

436 1847 445 1855 ,
525 1789 728 1841 κωνος
792 1766 1285 1860 παρορμώντων
1339 1764 1444 1833 καὶ
1548 1769 1700 1840 lzuie
1720 1771 2071 1839 sententiae
2106 1765 2353 1837 Vinium
2373 1764 2540 1836 Laco
2559 1770 2764 1835 mina·

526 1911 917 2014 0903965530„
998 1922 1108 1987 τοῦ
1185 1911 1442 1988 Οὐινίου
1549 1892 1708 1960 citer
1744 1893 1987 1958 invasit
2019 1887 2391 1957 stimulante
2435 1884 2597 1957 Icelo

1551 2030 1610 2080 c.
1647 2010 1763 2092 34,
1811 2009 1847 2077 1
1940 2005 2145 2078 Galba
2182 2061 2195 2075 .
2248 2062 2263 2076 .
2313 2062 2327 2076 .
2385 2012 2770 2097 speciosiora

1550 2125 1969 2198 suadentibus
2020 2129 2306 2197 accessit.
2368 2147 2594 2217 praem
2602 2129 2770 2194 issus

529 2222 697 2320 ἦλθε
749 2222 971 2309 πολυςν
1046 2229 1140 2302 ὥς
1193 2226 1446 2323 amp-q-
1552 2251 1764 2318 tamen
1835 2253 1905 2317 in
1971 2250 2188 2317 castra
2246 2244 2390 2316 Piso
2443 2300 2459 2315 .
2502 2299 2517 2315 .
2556 2299 2570 2312 .
2625 2248 2762 2313 eiko-

530 2379 726 2470 μένου
804 2384 915 2449 τοῦ
984 2373 1286 2457 Ὄθωνος
1377 2379 1445 2450 ἐν
1551 2367 1702 2436 diam
1759 2387 2024 2461 egresso
2078 2350 2307 2436 Pisone
2358 2370 2622 2436 occisum
2692 2366 2758 2430 in

1551 2488 1787 2557 eastris
1859 2483 2161 2555 Otlemiem
2226 2506 2438 2580 vagus
2485 2494 2756 2576 primum

1551 2610 1613 2675 et
1647 2608 1927 2676 incertus
1977 2626 2219 2675 rumor.

528 2739 900 2810 Plutarchi
955 2740 1180 2829 igitur
1214 2743 1437 2812 verba
1492 2742 1726 2812 omnia
1764 2744 1951 2831 apud
1988 2743 2314 2829 Tacitum
2353 2741 2771 2822 invenimu8‚

533 2877 653 2946 sed
706 2876 887 2946 nihil
942 2876 1062 2947 ille
1127 2879 1418 2967 praebet
1472 2879 1613 2948 nisi
1664 2879 2097 2950 narrationis
2154 2900 2343 2960 ossa,
2400 2898 2581 2969 quae
2635 2877 2778 2948 Ta-

532 3014 716 3085 citus
771 3033 982 3084 carne
1036 3034 1121 3084 ac
1174 3014 1511 3085 musculis
1567 3015 1896 3086 induerit.
1980 3016 2195 3086 Velut
2249 3016 2568 3104 singulas
2623 3035 2776 3084 sen-

526 2069 1060 2162 καθαπτομένων,
1122 2067 1322 2168 θροῦς
1350 2072 1443 2142 δι-

525 2539 625 2628 τῷ
677 2532 1122 2631 στρατοπεδῷ.

528 3151 792 3224 tentias
855 3152 1173 3241 prolatas
1237 3174 1376 3223 non
1442 3153 1922 3242 persequitur,
2004 3172 2228 3242 neque
2305 3151 2634 3222 Pisonem
2702 3151 2784 3221 in

534 3294 774 3360 castra
825 3289 1288 3379 praemissum
1341 3257 1494 3360 ess'e
1548 3294 1826 3373 narrat,
1881 3310 2103 3380 neque
2158 3309 2336 3386 quae
2407 3288 2615 3388 plura
2688 3289 2784 3382 de

530 3427 656 3500 illo
709 3448 988 3498 rumore
1043 3426 1338 3497 Tacitus
1393 3427 1700 3497 exhibet.
2138 3409 2144 3418 ’
2295 3391 2306 3400 ⁶
2415 3395 2462 3414 ⁹
2659 3397 2678 3518 ‘—

1962 3583 2020 3633 c.
2081 3564 2197 3646 35,
2257 3562 2298 3632 9
2374 3583 2498 3656 ὃς,
2539 3559 2785 3662 ⁴obvias

1960 3705 2029 3769 in
2070 3698 2320 3770 Palatio
2373 3693 2454 3795 (i.
2497 3703 2574 3768 e.‘
2600 3698 2781 3769 Gal-

1958 3837 2091 3907 bae
2146 3857 2183 3907 e
2240 3838 2441 3940 demo
2500 3834 2781 3925 egredi-

531 3586 599 3636 v.
658 3567 815 3634 4—-
843 3568 884 3633 9
942 3562 1047 3630 καὶ
1119 3562 1285 3654 μετὰ
1356 3563 1576 3659 μικρὸν
1652 3556 1904 3657 ὤφθη

524 3695 796 3778 Ἰούλιος
837 3693 1158 3784 Ἀττικος,
1219 3707 1351 3768 τῶν
1407 3696 1520 3770 οὐκ
1576 3700 1855 3797 ἀσήμων

533 3835 600 3904 ἐν
659 3842 792 3911 τοῖς
869 3834 1253 3933 δορυφόροις
1323 3839 1853 3934 στρατευόμενος,

741 4149 791 4209 1)
865 4148 1011 4203 Cum
1064 4146 1452 4201 Mommsenio
1501 4164 1554 4217 p.
1609 4147 1712 4201 303
1768 4146 1898 4201 adn.
1936 4149 1967 4201 3
2006 4147 2346 4219 scripserim
2377 4136 2621 4219 Ἰκέλου,
2672 4152 2787 4202 aut

534 4232 889 4289 Plutarchus
925 4231 1262 4303 arguendus
1299 4236 1392 4286 est
1424 4249 1694 4287 summae
1728 4233 2162 4304 neglegentiae.
