3084 4809
2506 262 2545 329 7

318 465 517 546 tiam,
574 461 809 533 adhuc
844 465 1037 531 tenet
1064 454 1142 558 ¹),
1197 464 1407 549 atque
1452 459 1526 530 in
1563 459 2052 531 dissertatione
2106 462 2305 531 modo
2361 462 2552 533 edita

323 600 800 688 Sickinger
829 592 892 694 2)
959 598 1109 668 sine
1170 597 1317 668 ulla
1381 597 1817 668 dubitatione
1880 598 2418 669 Mommsenium
2485 606 2555 670 et

322 736 724 808 Nissenium
781 734 1116 823 sequitur,
1183 734 1488 824 itemque
1539 736 1631 805 H.
1687 735 1991 824 Haupt
2042 735 2089 807 1.
2146 735 2235 818 1.,
2289 736 2412 806 ubi
2466 738 2550 807 de

323 873 585 963 Langii
640 877 711 943 et
756 871 1080 943 Kraussii
1141 872 1734 960 disputationibus
1790 873 1962 961 agit,
2017 892 2182 943 num
2235 873 2343 942 illi
2392 894 2549 963 pro-

326 1011 554 1081 babile
615 1008 783 1099 quid
835 1008 1326 1098 proposuerint
1375 1009 1585 1082 valde
1639 1009 1918 1079 dubitat
1950 1002 2033 1105 3).

519 1148 775 1236 Itaque
844 1166 981 1215 non
1054 1145 1181 1216 abs
1250 1166 1326 1216 re
1397 1145 1678 1219 videtur
1728 1165 1873 1215 rem
1928 1146 2367 1235 desperatam
2421 1146 2547 1217 ite·

335 1304 476 1354 rum
575 1287 1016 1365 retractare,
1124 1288 1193 1352 et
1297 1284 1357 1352 si
1460 1281 1632 1352 mihi
1737 1282 2143 1370 contingat,
2249 1288 2328 1351 ut
2431 1283 2546 1356 vel

337 1420 767 1508 paucissimis
847 1418 1250 1508 scrupulum
1337 1419 1637 1489 eximam
1659 1473 1675 1501 ,
1764 1438 1898 1509 quo
1979 1418 2138 1488 illos
2226 1418 2544 1491 deserere

342 1558 799 1645 prohibentur,
880 1576 988 1626 me
1070 1574 1321 1644 operae
1396 1577 1537 1627 non
1608 1555 2011 1645 paenitebit.
2139 1557 2389 1645 Atque,
2459 1576 2546 1627 ne

346 1692 599 1781 longior
665 1692 793 1764 fiat
864 1691 1391 1776 commentatio,
1462 1692 1794 1764 Suetonio
1865 1692 2250 1782 Cassioque
2317 1693 2545 1764 Dione

355 1830 664 1915 neglectis
729 1830 802 1900 in
873 1830 1040 1900 solis
1103 1830 1441 1902 versabor
1494 1829 1745 1899 Tacito
1814 1833 1884 1899 et
1948 1830 2354 1901 Plutarcho.
2462 1832 2545 1902 Id

338 1980 556 2074 ’unum
581 1966 1068 2049 adnotaverim,
1139 1965 1454 2036 homines
1525 1966 1766 2036 doctos
1838 1985 1926 2036 ex
1998 1966 2329 2039 Suetonio
2394 1967 2543 2057 qui-

356 2098 491 2169 dem
552 2102 729 2191 plus,
803 2125 1012 2193 quam
1079 2123 1211 2192 par
1280 2107 1406 2186 est,
1479 2103 1830 2174 extricare
1902 2104 2284 2192 studuisse;
2356 2124 2541 2187 nam,

345 2236 400 2305 si
440 2239 792 2329 prodigia,
866 2240 1166 2322 fabulas
1240 2240 1808 2311 narratiunculas
1887 2239 2300 2322 omittimuS‚
2384 2241 2537 2331 ipsa

336 2376 633 2447 narratio
669 2384 980 2448 remanet
1034 2382 1180 2447 tam
1231 2376 1488 2460 ieiuna,
1544 2383 1624 2447 ut
1677 2363 1834 2447 cum
1885 2397 2117 2447 rerum
2172 2377 2537 2467 scriptoris

333 2511 448 2583 vix
482 2514 570 2585 sit
617 2515 1110 2603 comparanda,
1147 2534 1369 2603 neque
1407 2515 1701 2584 multum
1737 2514 1896 2583 inde
1931 2514 2155 2602 possit
2190 2498 2534 2587 concludi.

327 2650 600 2740 Itaque,
684 2671 839 2722 cum
907 2652 1366 2722 Plutarchum
1443 2672 1486 2721 a
1555 2650 1805 2722 Tacito
1880 2651 2301 2741 exscriptum
2386 2674 2537 2724 esse

320 2786 721 2859 incredibile
793 2788 918 2872 sit,
1004 2789 1369 2877 quaeritur
1385 2842 1401 2871 ,
1480 2793 1716 2858 utrum
1792 2788 2041 2859 Tacito
2115 2789 2540 2862 Plutarchus

316 2944 398 2995 an
463 2932 766 3016 uterque
832 2946 1002 2996 usus
1073 2925 1166 2995 sit
1231 2925 1470 2995 eodem
1533 2925 1745 2996 fonte.
1864 2926 2020 2998 Hoc
2085 2927 2146 2997 si
2210 2927 2536 3012 efficitur,

313 3063 600 3135 minoris
636 3062 964 3133 momenti
1003 3068 1108 3133 est
1144 3082 1498 3152 quaerere,
1536 3068 1771 3133 utrum
1810 3063 2083 3134 Plinius
2120 3085 2212 3134 an
2242 3065 2531 3138 Cluvius

310 3218 390 3271 an
444 3202 640 3272 alius
695 3200 849 3291 quis
904 3199 997 3271 sit
1051 3205 1300 3294 auctor
1351 3199 1756 3268 communis.

505 3472 567 3533 1)
640 3467 710 3522 cf.
745 3468 914 3522 BurS.
972 3468 1043 3522 X.
1078 3473 1216 3524 tom.
1252 3466 1501 3522 XXXII.
1537 3484 1592 3537 p.
1626 3466 1727 3521 521
1761 3470 1823 3522 et
1842 3467 1959 3537 522,
1983 3466 2170 3523 ubite
2194 3468 2531 3526 Gersten-

304 3557 429 3609 eck
442 3553 559 3610 eri
610 3559 1043 3625 programmate
1109 3554 1234 3625 agit
1296 3559 1356 3609 et
1405 3552 1637 3607 facilius
1693 3552 1889 3608 omm‘a
1940 3553 2223 3626 explicari
2275 3555 2432 3627 dicit,
2485 3558 2537 3613 si

303 3657 684 3696 communem
718 3638 943 3695 fontem
979 3643 1323 3694 statuamus,
1892 3646 1896 3650 '

507 3744 566 3809 2)
638 3742 1021 3812 Sickinger
1059 3742 1162 3812 „de
1188 3741 1427 3812 linguae
1453 3742 1699 3796 Latinae
1727 3741 1882 3812 apud
1903 3742 2285 3798 Plutarchum
2311 3750 2370 3799 et
2402 3745 2535 3799 reli-

299 3830 453 3900 quiis
495 3833 562 3883 et
594 3827 896 3898 vestigiis“
937 3827 1074 3882 diss.
1111 3827 1380 3899 Friburgi
1414 3827 1761 3898 Brisgaviae
1800 3828 1944 3881 1883.
1982 3846 2033 3898 p.
2071 3829 2153 3882 85.

505 3931 564 3997 3)
634 3930 1063 3985 Commentatio
1097 3948 1233 3984 mea
1270 3947 1401 3985 cum
1436 3929 1555 3983 iam
1580 3929 1740 4001 typis
1767 3930 2205 4001 exprimeretur,
2243 3949 2280 3985 a
2300 3931 2534 3989 librario

298 4016 787 4073 dissertationem
842 4017 1056 4087 accepi,
1112 4034 1287 4087 quam
1343 4015 1577 4087 scripsit
1620 4016 1760 4070 Max
1804 4015 1985 4069 Puhl
2043 4017 2162 4085 „De
2199 4017 2429 4073 Othone
2475 4025 2536 4074 et

294 4102 543 4158 Vitellio
609 4102 1088 4174 imperatoribus“
1133 4103 1302 4157 Halis
1357 4103 1476 4156 Sax
1522 4102 1669 4171 1883,
1734 4102 1834 4174 qui
1897 4107 1955 4157 et
1997 4102 2141 4174 ipse,
2203 4121 2530 4175 quanquam

294 4205 458 4243 nova
497 4205 619 4243 non
657 4188 849 4244 adfert
886 4193 1251 4260 argumenta,
1289 4189 1512 4242 fontem
1550 4187 1757 4241 statuit
1793 4205 2173 4242 communem.
