3084 4809
281 369 345 441 ὓ.
407 373 517 453 11,
581 389 762 445 ἰ’-13.
2349 366 2489 437 137

277 577 622 665 profectus
662 601 814 649 esse
850 585 1074 669 putat,
1134 581 1251 651 sed
1303 578 1424 650 illo
1481 580 1594 651 die
1647 579 1800 650 loco
1857 578 2094 668 aliquo
2132 575 2292 647 viae
2328 574 2498 644 Bre'-
2593 574 2597 581 ’

277 717 557 789 sciauae
587 757 686 769 ¹—
718 741 894 809 quae
926 741 970 789 a
998 721 1340 789 Cremona
1377 719 1451 788 in
1480 717 2022 808 septentrionem
2050 707 2352 786 ducebat
2379 751 2499 793 —-‚

273 853 377 945 qui
445 853 734 925 circiter
810 861 898 925 16
974 877 1058 925 ui.
1130 877 1171 926 a
1240 854 1492 926 castris
1567 856 1865 944 abesset,
1938 857 2176 924 castra
2240 870 2498 939 ponere

277 993 593 1077 voluisse,
658 1001 734 1065 ut
774 1001 1050 1085 post-eru
1094 995 1201 1065 die
1239 994 1375 1064 iter
1417 997 1813 1083 pergerent.
1903 992 2135 1080 'Atque
2173 972 2500 1059 Tacitum

273 1129 385 1197 has
457 1133 642 1201 duas
710 1153 822 1201 res
890 1132 1290 1205 cunfudisse
1363 1131 1625 1221 arguit.
1745 1130 2012 1201 Eodem
2083 1129 2229 1199 fere
2301 1126 2503 1197 modo

273 1265 666 1341 Heraeus
722 1265 846 1365 (ad
882 1273 950 1341 h.
990 1273 1050 1353 2,
1090 1264 1218 1366 40)
1246 1279 1393 1340 rem
1423 1268 1750 1358 explicat,
1791 1267 1910 1358 qui
1948 1268 2116 1339 item
2143 1266 2317 1336 dicit
2345 1265 2503 1347 ‚Ta-

269 1405 437 1477 citus
469 1409 601 1477 hat.
634 1409 758 1477 das
798 1409 1006 1477 let-ate
1050 1407 1513 1497 strategische
1542 1403 2090 1495 Marschobject‚
2131 1404 2242 1474 die
2270 1403 2505 1473 Adda-

273 1545 646 1633 muuduugff
670 1545 798 1617 mit
818 1549 970 1617 dem
994 1545 1142 1617 Zia]
1164 1546 1284 1616 des
1304 1545 1674 1617 Marsches
1695 1566 1806 1620 am
1820 1542 2331 1631 >Schlachttage
2354 1544 2508 1612 ver*

269 1685 646 1753 wesshselt:
730 1685 922 1765 ⁴Quae
954 1684 1333 1773 explicatio
1364 1689 1471 1754 est
1500 1682 1762 1772 aliqua,
1802 1683 1924 1752 sed
1960 1678 2503 1752 contortissima.

461 1821 617 1893 Alii
670 1821 998 1893 Tacitum
1054 1821 1452 1893 defendunt.
1548 1821 1781 1909 Atque
1836 1822 2173 1891 Krauss
2227 1818 2506 1908 quidem

273 1973 325 2041 p.
385 1957 690 2029 46-—43
750 1981 902 2029 cum
977 1957 1122 2029 inda
1181 1978 1321 2027 non
1376 1955 1467 2028 ad
1525 1962 1855 2046 quartum
1909 1977 1953 2026 a
2005 1956 2352 2027 Bedriaco
2405 1954 2505 2025 la-

277 2093 489 2177 pidem
533 2097 658 2165 sed
714 2097 802 2165 ad
858 2094 1310 2185 participium
1358 2096 1632 2188 profecti
1682 2092 1966 2176 referat2
2022 2093 2222 2164 illum
2275 2094 2507 2162 locum

281 2229 666 2317 significari
694 2237 918 2321 putat*
950 2253 1082 2321 qun
1118 2232 1516 2305 advenisset
1544 2232 1919 2315 exercitae,
1959 2252 2117 2301 cum
2145 2231 2229 2301 de
2257 2230 2508 2300 itinere

281 2373 814 2441 consultaretur.
934 2373 1014 2441 Iu
1086 2371 1337 2441 itinere
1394 2370 1740 2440 Paulinus
1805 2375 1876 2440 et
1929 2370 2172 2441 Celsus
2225 2368 2506 2457 longius

281 2509 650 2589 procedere
718 2509 1054 2589 abnuunt,
1122 2525 1323 2597 quem
1365 2508 1623 2577 iocum
1694 2506 1986 2578 Tacitus
2049 2506 2500 2596 significavit,

278 2645 382 2729 qui
452 2645 553 2716 16
623 2665 710 2714 ru.
784 2665 826 2715 a
883 2644 1394 2716 confluentibus
1450 2611 1784 2716 distabat.
1895 2646 2050 2730 Qua
2093 2652 2176 2715 re
2231 2646 2504 2715 Krauss

278 2780 775 2854 obscuritatem
840 2779 1206 2871 scriptoris
1275 2803 1566 2871 carpere
1620 2784 1914 2865 mavult,
1982 2803 2121 2854 non
2166 2802 2502 2853 errorem.

279 2914 399 2989 Sed
451 2920 637 2990 haec
694 2919 1091 2990 obscuritas
1144 2920 1362 2991 nimia
1416 2926 1546 2991 est.
1643 2920 2080 2993 Adverbium
2127 2921 2309 2991 enim
2363 2920 2512 2989 inde

280 3054 325 3123 si
393 3053 781 3145 scriptum*
804 3035 1166 3139 habemus,
1222 3056 1457 3127 facere
1509 3078 1649 3127 non
1703 3068 2092 3147 possumuS‚
2121 3040 2319 3146 'quin
2371 3062 2508 3127 ter·

280 3157 533 3266 minum
598 3214 641 3264 a
696 3215 853 3284 qu0,
918 3194 1038 3284 qui
1092 3192 1371 3275 dicitur,
1426 3193 1886 3282 requiramus.
1996 3194 2216 3278 Quem
2269 3201 2506 3265 castra

278 3325 417 3401 esse
474 3335 817 3423 quattuor
869 3332 956 3402 ni.
1016 3352 1058 3401 a
1097 3330 1441 3401 Bedriaco
1489 3331 1722 3420 posita
1779 3336 2325 3402 consentaneum
2379 3337 2505 3403 est.

284 3484 335 3535 c.
378 3470 473 3539 39
517 3468 700 3539 enim
738 3487 894 3539 cum
931 3462 1249 3557 legamus
1287 3465 1378 3537 ibi
1396 3467 1506 3539 'de'
1533 3468 1787 3561 proelio
1820 3467 2202 3559 dubitatum,
2243 3476 2307 3539 et
2345 3490 2504 3558 par-

282 3601 608 3695 ticipium·
644 3603 921 3702 profecti
970 3608 1061 3676 ad
1112 3606 1299 3675 hunc
1353 3605 1582 3676 locum
1637 3589 1992 3695 pertinere
2046 3626 2328 3679 necesse
2383 3612 2508 3690 est,

282 3754 493 3831 neque
582 3742 725 3813 alio
814 3743 1121 3832 pertinet
1195 3742 1375 3813 inde.
1516 3739 2271 3841 Gerst'enecker1)
2352 3764 2508 3816 cum

284 3872 617 3951 Kraussio
703 3880 1071 3963 consentit,
1121 3880 1447 3952 ‘sedecim
1529 3881 1656 3951 illa
1725 3881 1924 3957 milia
1995 3902 2133 3952 non
2206 3882 2290 3953 de
2321 3895 2325 3901 ’
2360 3887 2507 3953 toto

286 4016 501 4100 spatio
570 4012 648 4115 (a
704 4016 965 4087 castris
1017 4003 1237 4107 usque
1292 4020 1383 4089 ad
1442 4007 1926 4117 confluentes),
1995 4020 2115 4090 sed
2168 4020 2252 4091 de
2304 4025 2507 4109 parte

484 4321 533 4392 1)
606 4320 1148 4379 Gerstenecker
1184 4337 1237 4396 p.
1272 4320 1478 4377 30-—34
1514 4327 1574 4378 et
1607 4339 1662 4396 p.
1698 4321 1905 4379 69-70
1939 4321 2068 4378 adn.
2106 4322 2324 4380 62—72.
