3084 4809
528 297 616 368 16

724 503 894 594 Cap.
950 506 1439 577 XIX-XXI
1498 506 1928 579 Plutarchus
1992 511 2085 580 ad
2145 511 2422 581 Galbae
2485 511 2757 583 exitum

518 641 776 711 transit
829 644 1318 727 enarrandum,
1372 649 1464 727 et,
1520 664 1680 716 cum
1740 647 2163 735 praeteritas
2216 668 2491 738 quoque
2551 669 2755 738 repe-

518 781 628 846 tat
679 798 813 859 166,
866 778 1023 849 fieri
1072 781 1381 851 nondum
1430 786 1685 870 potest,
1738 787 1822 852 ut
1888 783 2131 854 statim
2191 785 2452 875 ubique
2517 786 2754 857 conci-

516 922 639 987 nat
710 934 870 987 cum
933 917 1209 988 Tacito.
1315 919 1566 1008 Itaque
1628 925 1820 990 certo
1885 920 2115 992 dicere
2167 942 2307 993 non
2357 943 2751 1013 possumuS,

519 1074 654 1143 quo
706 1055 1147 1144 potissimum
1199 1056 1354 1127 loco
1405 1055 1674 1127 fontem
1725 1058 2129 1130 mutaverit.
2240 1059 2376 1130 Sed
2411 1060 2544 1131 hoc
2595 1059 2754 1132 fere

517 1191 670 1262 loco
725 1192 797 1261 id
831 1191 1083 1263 fecisse
1135 1193 1436 1265 videtur.
1528 1193 1658 1264 Bis
1694 1193 1877 1264 enim
1913 1195 2234 1265 nuntium
2283 1197 2752 1269 Germanicae

518 1328 883 1399 seditionis
926 1330 1225 1400 Romam
1275 1330 1554 1400 venisse
1606 1329 1845 1414 refert,
1900 1350 2035 1420 quo
2091 1333 2324 1403 Galba
2388 1331 2480 1404 ad
2529 1335 2751 1425 adop-

512 1466 801 1535 tandum
836 1472 1332 1549 commovetur,
1371 1472 1441 1536 et
1477 1486 1537 1536 c.
1588 1468 1702 1550 19,
1740 1468 1783 1537 1
1813 1510 1845 1516 -«
1897 1470 1938 1537 3
1969 1473 2039 1538 et
2074 1487 2135 1538 c.
2171 1470 2289 1553 23,
2327 1472 2397 1539 1.
2490 1470 2751 1561 Atque,

515 1608 598 1671 ut
672 1606 907 1691 potest
984 1602 1257 1691 opponi,
1337 1602 1488 1673 illic
1569 1604 1652 1672 de
1719 1604 2059 1674 seditione
2127 1606 2415 1689 oriente,
2486 1606 2605 1678 hic
2659 1610 2747 1679 de

511 1742 759 1808 exorta
794 1737 936 1828 agi,
976 1739 1081 1809 ita
1131 1738 1309 1810 illud
1359 1738 1535 1809 ferri
1587 1740 1848 1828 nequit.
1942 1738 2212 1813 Narrat
2270 1741 2467 1836 enim·
2517 1763 2577 1813 6.
2641 1745 2738 1815 18

515 1876 600 1945 de
635 1876 965 1958 111111111111,
1006 1875 1126 1965 qui
1162 1872 1325 1950 θέας
1363 1873 1568 1971 οὔσης
1600 1875 1708 1944 καὶ
1742 1883 1872 1944 τῶν
1906 1875 2263 1973 χιλιάρχων
2298 1879 2403 1947 καὶ
2436 1878 2747 1974 λοχαγῶν

509 2012 581 2080 τὸ
623 2006 971 2104 Ῥωμαίοις
1033 2009 1318 2106 σύνηθες
1384 2010 1687 2105 εὐτυχίαν
1753 2010 2217 2107 ἐπευχομένων
2282 2022 2381 2111 τῷ
2434 2014 2751 2113 αὐτοκρά-

515 2172 650 2243 τορι
700 2144 927 2245 Γάλβᾳ
980 2149 1394 2231 exarsisset,
1451 2170 1631 2238 quae
1685 2146 1812 2217 θέα
1868 2151 2111 2221 eadem
2161 2151 2384 2223 fuisse
2440 2154 2745 2239 videtur,

519 2306 658 2376 qua
713 2284 993 2368 militeS,
1033 2306 1189 2356 cum
1244 2285 1397 2356 iure
1435 2286 1732 2357 iurando
1768 2286 2241 2375 adigerentur,
2281 2296 2521 2378 aperte
2554 2289 2740 2358 defe-

509 2430 755 2493 cerunt
806 2418 901 2519 (c.
961 2424 1078 2506 22,
1144 2425 1227 2493 11
1288 2418 1448 2519 sq.).
1557 2424 1810 2512 Itaque
1864 2442 1921 2494 c.
1975 2426 2071 2493 18
2111 2426 2401 2494 eandem
2455 2425 2737 2496 seditio-

509 2579 668 2630 nem
733 2559 1272 2649 intellegendam
1347 2579 1616 2643 censeo,
1691 2577 1901 2649 quam
1959 2560 2239 2648 quidem
2305 2561 2740 2634 Plutarchus

510 2698 727 2768 alium
779 2696 1041 2767 fontem
1097 2703 1380 2767 secutus
1433 2696 1829 2767 describere
1883 2695 2207 2785 incipiat3
2262 2696 2506 2765 deinde
2560 2716 2735 2767 vero

507 2841 799 2905 auctore
876 2838 1149 2904 mutato
1228 2834 1706 2904 narrationem
1786 2833 2231 2924 interrumpit
2305 2836 2378 2902 et
2445 2833 2537 2902 ad
2616 2851 2737 2903 res

506 2972 773 3043 Romae
847 2975 1085 3060 gestas
1155 2970 1417 3041 transit
1485 2963 1582 3067 (c.
1661 2972 1777 3054 22,
1846 2972 1969 3041 11111
2035 2991 2191 3042 611111
2259 2969 2508 3041 Tacito
2577 2990 2741 3040 con-

507 3109 722 3198 gruit,
778 3108 862 3177 de
916 3107 1037 3178 illo
1091 3107 1283 3178 facto
1338 3101 1585 3202 tacet).
1706 3109 1955 3196 Itaque
2009 3099 2225 3178 unum
2276 3107 2495 3178 fuisse
2565 3128 2743 3177 nun-

504 3247 677 3317 tium
741 3252 937 3335 puto,
1011 3265 1215 3335 quem
1276 3246 1702 3316 Plutarchus
1779 3245 1846 3314 in
1913 3246 2085 3315 duos
2148 3245 2497 3316 diviserit.
2588 3246 2745 3329 Qua

509 3385 595 3454 de
630 3403 846 3453 causa
875 3383 1162 3453 dubium
1191 3388 1318 3465 est,
1355 3387 1591 3453 utrum
1629 3383 1702 3452 in
1736 3381 1874 3452 hac
1910 3382 2101 3453 vitae
2141 3391 2364 3470 parte,
2421 3383 2545 3452 ubi
2583 3402 2742 3452 cum

509 3519 760 3591 Tacito
814 3524 1180 3608 congruat,
1233 3518 1374 3588 iam
1428 3539 1686 3591 novum
1743 3522 2023 3589 secutus
2066 3518 2160 3588 sit
2194 3517 2479 3601 fontem,
2537 3537 2742 3607 quem

511 3657 835 3728 Tacitum
865 3655 1085 3725 fuisse
1113 3654 1451 3744 suspicor,
1506 3675 1595 3725 an
1626 3657 1938 3737 eundem,
1978 3676 2021 3724 a
2050 3675 2184 3744 quo
2213 3655 2519 3743 priorem
2544 3655 2743 3726 vitae

508 3799 780 3884 partem
826 3791 1166 3862 hauriret.
1276 3790 1460 3862 Sane
1511 3792 1743 3880 potuit
1797 3791 2037 3882 aliqua
2090 3812 2134 3860 a
2172 3791 2421 3862 Tacito
2474 3796 2739 3879 petere.

509 3932 680 4002 Inde
718 3936 973 4012 autem,
1031 3930 1214 4019 quod
1250 3929 1435 3998 inter
1485 3929 1658 3998 duos
1695 3927 1923 3997 fontes
1958 3928 2288 4010 haesitat,
2345 3928 2752 3998 obscuritas

510 4069 848 4160 quaedam
890 4067 1141 4148 evasit,
1197 4073 1268 4136 61
1301 4066 1529 4158 prima
1566 4066 1785 4139 verba
1823 4065 2166 4136 transitus
2205 4073 2420 4135 causa
2474 4064 2748 4136 inserta

511 4207 858 4289 videntur,
913 4224 1072 4275 cum
1125 4204 1420 4274 Tacitus
1474 4208 1742 4272 certum
1797 4200 2063 4271 factum
2115 4201 2416 4271 referat:
