3084 4809
532 341 676 416 170
1906 339 1987 412 Ο.
2053 334 2164 417 17,
2199 353 2419 426 32—36.
2461 338 2579 422 18,
2620 361 2768 415 1-7,

727 546 1033 636 Reliqua
1069 546 1327 636 capitis
1377 550 1582 636 parte
1618 547 2049 622 Plutarchus
2087 568 2267 638 quae
2296 549 2445 639 ipse
2499 550 2584 622 de
2637 550 2771 624 mi-

519 683 725 755 litum
771 703 943 774 erga
988 682 1335 756 Othonem
1377 704 1617 756 amore
1661 685 1925 758 sentiat
1951 686 2278 775 exponit:
2350 708 2421 759 v.
2467 688 2768 760 32-36

523 816 655 888 ἀλλ’
719 817 886 889 ἔοικε
941 819 1172 916 μηδενὶ
1222 828 1353 892 τῶν
1406 822 1683 891 πώποτε
1736 820 2075 919 τυράννων,
2115 821 2160 918 ἢ
2203 820 2525 920 βασιλέων
2564 822 2772 901 δεινὸς

521 954 728 1033 οὕτως
782 956 951 1053 ἔρως
1003 956 1385 1053 ἐγγενέσθαι
1419 957 1524 1027 καὶ
1571 957 1933 1054 περιμανὴς
1966 963 2079 1028 τοῦ
2119 957 2360 1056 ἄρχειν,
2394 964 2509 1037 ,ὥς
2544 958 2772 1034 ἐκεῖνοι

516 1096 631 1163 τοῦ
711 1091 1037 1191 ἄρχεσθαι
1115 1095 1220 1164 καὶ
1288 1095 1632 1168 ὑπακούειν
1693 1088 1994 1176 Ὄθωνος
2058 1093 2479 1196 ἠράσθησαν·
2533 1095 2642 1174 οὕς
2693 1123 2770 1194 γε

520 1228 669 1326 μηδ’
729 1229 1174 1308 ἀποθανόντος
1228 1234 1263 1301 ὁ
1318 1229 1526 1309 πόθος
1575 1231 1967 1329 προῦλιπεν,
2001 1232 2171 1310 ἀλλὰ
2230 1236 2622 1333 παρέμεινεν
2679 1237 2771 1313 εἰς

520 1366 872 1464 ἀνήκεστον
927 1366 1128 1463 ἔχθος
1183 1362 1541 1466 Οὐιτελλίῳ
1595 1368 2019 1466 τελευτήσας.

725 1506 895 1596 Gap.
961 1508 1217 1579 XVIII
1282 1508 1547 1578 eadem'
1591 1507 1788 1580 valet
1848 1508 2060 1580 ratio.
2186 1510 2531 1599 Magnam
2584 1511 2767 1583 enim

517 1648 791 1732 partem
858 1664 1032 1714 cum⁴
1071 1644 1336 1738 ‘Tacito
1406 1642 1867 1739 concinit·(c.
1927 1645 2022 1717 50
2078 1651 2155 1729 et
2204 1640 2370 1743 51),
2428 1648 2546 1717 sed
2602 1650 2769 1722 ube-

520 1781 733 1852 rioris
760 1780 979 1852 fontis
1006 1801 1147 1851 non
1174 1781 1427 1865 desunt
1454 1781 1786 1871 vestigia.
1920 1782 2183 1854 Primis
2219 1783 2499 1875 quidem
2530 1785 2770 1857 verbis

518 1941 587 1991 v.
654 1920 687 1988 l
742 1917 826 1988 τὰ
877 1915 995 2010 μὲν
1021 1965 1028 1974 -
1051 1916 1161 1987 οὖν
1214 1916 1386 1988 ἄλλα
1421 1917 1641 2015 καιρὸν
1695 1919 1925 1992 οἰκεῖον
1980 1917 2119 2013 ἔχει
2169 1917 2492 2015 λεχθῆναι
2544 1922 2769 1996 Vitam

518 2055 794 2127 Vitellii
821 2054 1111 2128 indicat.
1221 2054 1305 2125 cf.
1339 2056 1505 2127 Tac.
1536 2056 1606 2127 h.
1644 2057 1708 2140 2,
1746 2056 1862 2140 67,
1898 2060 1938 2126 3
1977 2078 2164 2127 arma
2190 2058 2284 2144 ad
2305 2056 2596 2130 tribunos
2620 2081 2773 2130 suos

517 2190 903 2288 deserebant,
956 2191 1159 2265 donec
1196 2196 1432 2266 motum
1469 2216 1511 2262 a
1561 2192 1809 2266 Vitellio
1844 2192 2083 2266 bellum
2117 2194 2540 2268 erebresceret
2552 2216 2582 2280 ,·
2634 2200 2770 2267 tum

522 2331 853 2421 resumpta
905 2329 1144 2400 militia
1195 2328 1394 2400 robur
1448 2328 1906 2406 Flavianarum
1956 2334 2248 2424 partium
2294 2334 2496 2416 luere.

519 2488 589 2540 V.
648 2467 846 2546 2--4
913 2465 1267 2562 κρύψαντες
1335 2464 1410 2537 δὲ
1472 2474 1561 2563 τῇ
1626 2473 1717 2564 γῇ
1768 2468 1848 2537 τὰ
1951 2489 2011 2540 c.
2053 2470 2174 2553 49,
2229 2470 2323 2540 20
2386 2467 2621 2541 otlzom·
2668 2491 2772 2541 se-

519 2587 796 2683 λείφανα
847 2591 960 2656 τοῦ
1003 2578 1307 2664 Ὄθωνος
1362 2585 1511 2658 οὔτε
1582 2587 1848 2681 μεγέθει
1946 2588 2249 2682 pulcrum
2267 2592 2662 2660 ean-structum
2677 2593 2775 2660 est

521 2708 813 2801 σήματος
881 2702 1005 2776 οὔτ’
1078 2706 1446 2804 ἐπιγραφῆς
1514 2706 1688 2801 ὄγκῳ
1742 2706 1849 2775 τὸν
1952 2707 2266 2779 modicum
2353 2710 2417 2778 et
2502 2731 2771 2781 mansu-

522 2828 726 2921 τάφον
781 2825 1098 2922 ἐποίησαν
1153 2821 1525 2921 ἐπίφθονον.
1952 2846 2116 2895 rum.

526 2965 734 3037 Credi
787 2970 1059 3054 posset,
1129 2963 1306 3063 hinc·
1355 2961 1694 3052 petivisse
1748 2938 2214 3034 Plutarchum
2284 2965 2588 3053 sepulcri
2655 2967 2770 3036 de-

526 3102 980 3191 scriptionem
1035 3140 1125 3153 —-
1185 3100 1538 3190 sepultum
1607 3101 1791 3171 enim
1858 3121 2011 3171 esse
2064 3121 2338 3206 corpuS‚
2396 3108 2772 3193 antequam

527 3242 925 3331 sepulcrum
976 3206 1481 3321 exstrueretur,
1534 3244 2077 3309 consentaneum
2115 3243 2223 3309 est
2276 3278 2393 3322 —-‚
2448 3240 2587 3310 nisi
2624 3240 2773 3348 ipse

525 3378 824 3452 vidisset
865 3377 1170 3467 lapidem
1208 3398 1276 3449 v.
1335 3377 1533 3446 4-6
1592 3339 1761 3444 εἶδον
1814 3372 1888 3444 δὲ
1941 3374 2008 3444 ἐν
2063 3368 2380 3471 Βριξίλλῳ
2435 3378 2776 3471 γενόμενος

527 3516 632 3584 καὶ
686 3521 909 3611 μνῆμα
980 3514 1234 3610 μέτριον
1296 3512 1402 3582 καὶ
1469 3510 1586 3606 τὴν
1657 3511 2021 3610 ἐπιγραφὴν
2087 3507 2295 3590 οὕτως
2347 3512 2648 3608 ἔχουσαν,
2722 3516 2778 3583 εἰ

526 3649 1027 3749 μεταφρασθείη
1063 3629 1394 3746 ,Δηλώσει
1430 3641 1705 3744 Μάρκου
1750 3642 2092 3726 Ὄθωνος.
2196 3651 2445 3740 Pergit-

531 3814 599 3864 V.
644 3791 837 3861 6--7
897 3785 1189 3857 ἀπέθανε
1228 3786 1299 3856 δὲ
1325 3779 1552 3859 Ὄθων
1660 3807 1719 3856 c,
1778 3787 1897 3868 49,
1958 3788 2046 3856 21
2120 3785 2291 3858 llum·
2357 3792 2523 3858 celae
2578 3788 2774 3884 finem

532 3908 649 4006 ἔτη
679 3908 796 4004 μὲν
828 3907 993 3979 ἑπτὰ
1018 3909 1121 3978 καὶ
1148 3908 1484 4004 τριακοντα
1498 3901 1552 4002 ¹)
1657 3901 1887 3976 lzabzczt
1970 3910 2235 3998 septzmo
2315 3911 2378 3978 et
2462 3911 2776 3978 tricesimo

535 4027 800 4129 βιώσας.
1657 4029 1889 4096 aetatis
1939 4029 2128 4096 anno,

741 4212 791 4279 1)
860 4211 1175 4280 Differunt‚
1200 4226 1330 4265 cum
1358 4209 1600 4265 Tacitus
1622 4206 1915 4264 Othonem
1935 4207 2185 4278 septimo
2207 4213 2267 4261 et
2282 4207 2581 4263 tricesimo
2603 4226 2776 4278 anne,

538 4296 890 4362 Plutarchus
912 4298 980 4358 37
1008 4313 1194 4349 annos
1221 4290 1500 4379 βιώσαντα
1524 4293 1561 4351 i.
1589 4310 1639 4350 e.
1661 4293 1733 4350 38
1754 4310 1975 4348 annum
2002 4300 2279 4364 agentem
2310 4301 2606 4349 mortuum
2643 4311 2773 4349 esse

2982 4193 3036 4771 J
