3084 4809
539 319 633 389 30
2234 322 2319 394 G.
2383 322 2499 405 22,
2562 338 2784 395 10-16.·

532 523 835 594 τοιούτων
889 523 1261 619 ἀναφανδὸν
1313 521 1447 619 ἤδη
1503 523 1717 617 λόγων
1772 521 1841 592 ἐν
1889 529 1988 619 τῷ
2040 523 2464 620 στρατοπέδῳ
2502 548 2783 621 περιφε-

533 659 825 756 ρομένων
853 658 1144 756 ἐπῆλθεν
1172 662 1218 755 ἡ
1256 661 1576 755 νουμηνία
1610 665 1723 730 τοῦ
1761 662 2026 757 πρώτου
2065 661 2287 757 μηνός,
2328 659 2413 756 ἣν
2450 659 2776 738 καλάνδας

512 790 913 892 Ἰανουαρίας
967 797 1252 867 καλοῦσι.
1323 799 1573 870 Priore
1618 797 1971 887 particula
2008 804 2206 887 quae‘
2215 799 2537 888 exposita
2573 805 2781 870 erant

531 933 787 1005 iterum
842 936 1552 1026 comprehenduntu1·;
1585 1012 1590 1016 ,
1619 901 1960 1006 kalendas
2028 937 2416 1007 ‚Ianuarias
2481 937 2782 1009 Tacitus

528 1080 1027 1144 commemorat
1078 1079 1148 1143 et
1202 1094 1261 1143 c.
1321 1073 1438 1156 55,
1503 1076 1537 1142 1
1591 1073 1892 1144 sollemni
1939 1071 2382 1144 kalendarum*
2416 1072 2768 1144 ,lanuaria-

526 1228 672 1290 rum
719 1213 1137 1297 sacramento,
1174 1210 1298 1280 ubi
1351 1211 1436 1281 de
1490 1209 1823 1280 inferiore
1861 1203 1940 1305 (a
1976 1210 2364 1282 Plutarcho
2401 1206 2772 1308 omissum)

525 1353 598 1416 et
647 1367 707 1417 c.
769 1348 885 1431 55,
953 1349 1037 1417 11
1093 1352 1233 1438 ipso
1280 1343 1711 1416 kalendarum
1761 1344 2228 1416 Jauuarz'arum
2299 1346 2422 1430 die,
2487 1348 2609 1422 ubi
2679 1350 2768 1418 de

527 1484 888 1572 superiore
923 1482 1079 1572 agit
1114 1483 1452 1555 exercitu.
1535 1485 1794 1554 Vocem
1824 1482 2290 1562 kalendarum
2318 1459 2776 1567 PlutarchuS‚

528 1619 648 1709 qui
683 1619 904 1690 libros
940 1639 1106 1690 suos
1141 1621 1233 1690 ad
1264 1621 1578 1691 Graecos
1614 1621 2112 1704 accommodet,
2149 1620 2397 1710 paucis
2435 1622 2770 1710 explicat.

731 1757 926 1840 Quae
980 1756 1228 1827 deinde
1280 1762 1548 1840 narrat,
1616 1758 1877 1830 Flacco
1931 1757 2192 1828 milites
2263 1756 2416 1828 iure
2470 1757 2774 1831 iurando

525 1894 853 1983 adigente
928 1894 1338 1966 seditionem
1417 1900 1735 1966 exortam
1803 1915 1973 1980 esse,
2053 1914 2141 1965 ex
2174 1895 2472 1974 „Tacito
2539 1896 2777 1985 potuit

515 2030 908 2120 ’conligere-

1022 2225 1027 2232 ·
1695 2220 1754 2271 c.
1805 2202 1920 2283 55,
1968 2200 2009 2269 9
2058 2220 2159 2289 sq.
2200 2205 2271 2270 at
2321 2206 2389 2269 in
2443 2208 2778 2293 superiore

523 2328 587 2379 v
650 2305 940 2375 12-16
995 2308 1109 2372 τοῦ
1164 2301 1238 2371 δὲ
1292 2297 1586 2371 Φλακκου
1694 2322 1981 2389 emeram
2045 2318 2133 2388 w
2195 2323 2259 2389 et
2321 2318 2507 2391 XXII
2561 2321 2769 2414 legw-

523 2442 996 2534 συναγαγόντος
1049 2438 1285 2515 αὐτοὺς
1336 2438 1442 2508 ἐπὶ
1481 2438 1589 2507 τὸν
1696 2459 1824 2524 nex,
1925 2439 2126 2510 esdem
2229 2435 2517 2511 hibernis
2622 2443 2761 2507 len-

524 2579 730 2674 apxov,
785 2576 854 2646 ὃν
909 2574 1065 2652 ἔθος
1117 2575 1288 2648 ἐστὶν
1334 2575 1590 2668 ὀμνύειν
1692 2557 1910 2628 dentes
1964 2611 1979 2626 .
2033 2613 2046 2627 .
2107 2614 2120 2627 .
2178 2559 2555 2652 dirumpunt
2597 2563 2763 2632 ima-

1723 2683 1918 2772 gines
2013 2676 2285 2767 Galbae,
2373 2677 2463 2748 IV
2540 2679 2721 2772 legio

1688 2804 2074 2890 promptius,
2178 2795 2363 2869 XXII
2455 2800 2767 2867 cunctan-

1696 2920 1813 3007 ter,
1877 2938 2028 2987 mom
2097 2939 2426 2988 consensu.
2483 2939 2557 2986 ao
2614 2971 2628 2986 .
2682 2970 2700 2988 .
2757 2972 2770 2986 .

1694 3040 1956 3107 senatus
2029 3037 2404 3131 ‘populique
2492 3034 2777 3106 Romam·

521 3121 823 3201 ελθόνῗες
850 3122 1204 3221 ἀνέτρεψαν
1251 3122 1355 3192 καὶ
1398 3122 1588 3194 καῗέ·
1694 3155 2062 3227 oblz‘tterata
2136 3162 2264 3226 iam
2332 3161 2592 3226 nomina
2659 3176 2770 3224 sa-

520 3285 807 3352 waoav,
880 3260 1060 3331 αὐτοὶ
1114 3259 1187 3330 δὲ
1241 3259 1591 3352 ὀμόσαντες
1694 3279 2017 3347 eramento
2102 3274 2500 3347 advocabant
2568 3329 2583 3346 .
2656 3329 2674 3345 .
2748 3327 2765 3345 .

524 3394 688 3494 ὑπὲρ
759 3397 1126 3493 συγκλήτου
1197 3396 1301 3465 καὶ
1372 3395 1586 3491 δήμου
1695 3417 1754 3466 c.
1841 3397 1959 3479 56,
2033 3398 2072 3466 1
2147 3398 2464 3490 spectator
2517 3394 2775 3491 flagitii

512 3528 871 3626 Ῥωμαίων
929 3531 1347 3629 διελύθησαν,
1639 3609 1642 3614 .
1729 3514 2126 3615 Hordeonius
2228 3515 2489 3588 Flaccus
2563 3570 2577 3585 .
2634 3569 2651 3585 .
2714 3567 2731 3583 .

1694 3634 1938 3705 aderat.

522 2712 685 2811 ὑπὲρ
717 2719 829 2784 τοῦ
850 2713 1315 2810 αὐτοκράτορος
1334 2706 1588 2810 (expli-

523 2852 731 2923 candi
785 2872 1002 2922 causa
1046 2845 1421 2946 additum)⁶
1453 2848 1592 2938 ,τὰς

520 2986 637 3080 μὲν
675 2988 922 3062 εἰκόνας
972 2991 1083 3057 τοῦ
1120 2983 1353 3084 Γάλβα
1390 3009 1592 3081 προσ-

526 3807 824 3897 Singula
857 3806 1054 3878 facta
1107 3811 1525 3896 congruunt,
1582 3807 1704 3877 sed
1749 3806 2179 3890 Plutarchus
2217 3828 2302 3879 ea
2338 3827 2468 3879 sua
2521 3813 2769 3896 sponte

524 3945 871 4016 conexuit.
943 3944 1275 4028 sollemne
1345 3948 1883 4029 sacramentum,
1938 3947 2123 4034 quod
2184 3944 2482 4030 Tacitus
2516 3983 2618 4028 —‚-
2654 3963 2773 4013 ex-

520 4081 903 4169 plicatione
958 4082 1023 4152 ei
1075 4102 1214 4152 non
1252 4086 1408 4168 erat
1461 4101 1637 4171 opus
1679 4122 1773 4132 —
1824 4101 1883 4154 c.
1913 4083 2029 4166 55,
2075 4087 2112 4153 1
2173 4080 2774 4163 commemoravit,

522 4218 648 4291 ubi
683 4219 769 4288 de
805 4218 1139 4289 inferiore
1192 4218 1510 4290 exercitu
1563 4220 1845 4307 agebat,
1883 4221 1974 4289 ad
2007 4219 2441 4308 superiorem
2494 4237 2776 4309 quoque
