3084 4809
297 338 380 408 e.
443 335 561 419 22,
620 295 795 400 1-9.'
1106 297 1121 310 “
2435 335 2528 406 27

296 544 447 613 loco
520 543 1025 631 comprehensa
1094 536 1379 626 fuerint,
1446 531 1526 613 ut
1616 543 1910 615 Tacitus
1993 543 2193 613 illum
2277 542 2533 612 discer-

299 680 518 768 psisse
596 681 999 768 arguendus
1075 679 1186 763 sit,
1253 701 1342 750 an
1414 680 1844 751 Plutarchus
1912 680 2146 750 omnia
2184 648 2533 767 vconlege-

299 817 410 900 rit,
466 838 651 907 quae
725 819 810 887 de
867 816 1142 888 Othone
1196 817 1464 887 tradita
1534 817 1848 901 haberet,
1934 818 2085 888 sive
2156 838 2199 887 a
2283 816 2534 886 Tacito

304 954 447 1026 sive
512 956 608 1024 ab
683 954 826 1024 alio
893 959 1183 1049 peteret.
1304 953 1699 1043 Utrumque
1743 954 1935 1025 'ferri
1996 959 2251 1042 potest,
2313 965 2536 1041 neque

305 1091 470 1160 haec
523 1091 880 1161 sententia
936 1092 1344 1179 spernenda.
1408 1129 1492 1142 -—
1556 1092 1655 1162 Ut
1687 1091 1849 1161 >iam
1902 1091 2149 1180 paucis
2202 1069 2535 1178 repetam‘,

312 1227 621 1315 equidem
688 1227 1153 1297 Plutarchum
1206 1228 1281 1297 in
1349 1227 1485 1298 hac
1548 1228 1741 1299 vitae
1813 1234 2011 1316 parte
2078 1226 2381 1315 plurima
2450 1243 2537 1296 ex

184 1410 209 1420 -
325 1370 595 1434 auctore
658 1367 1055 1433 mutuatum
1119 1384 1270 1434 esse
1331 1370 1523 1453 puto,
1591 1383 1795 1454 quem
1856 1364 2175 1435 Tacitus·
2218 1382 2537 1452 sequere-

327 1503 448 1582 tur,
494 1501 616 1571 sed
669 1500 914 1589 aliqua
967 1502 1056 1571 ab
1111 1501 1246 1571 hoc
1296 1503 1656 1590 petivisse,
1712 1522 1757 1571 a
1810 1522 1946 1591 quo
1997 1500 2123 1572 vix
2187 1499 2330 1569 iam
2397 1501 2533 1569 dis-

332 1644 564 1726 crepat.
1338 1645 1347 1648 ’

514 1775 587 1845 G.
637 1773 857 1845 XXII
910 1775 1264 1845 exercitus
1321 1775 1728 1845 Germanici
1783 1776 2171 1846 seditionen
2224 1781 2532 1856 enarrat,

357 1910 696 1998 omniaque,
745 1932 925 2001 quae
977 1911 1269 2000 profert,
1325 1913 1512 2000 apud
1567 1911 1901 1982 Tacitum
1949 1916 2232 1982 exstant
2285 1916 2411 1982 aut
2462 1911 2535 1981 in

351 2045 740 2130 praefatione
796 2069 856 2120 c.
917 2052 960 2119 8
1016 2055 1088 2118 et
1143 2053 1189 2119 9
1243 2053 1370 2119 aut
1422 2067 1481 2119 c.
1542 2050 1635 2119 51
1695 2070 1820 2138 sq„
1867 2049 2004 2119 ubi
2052 2054 2317 2119 motum
2371 2043 2533 2137 gra-

341 2180 670 2254 vissimum
708 2186 1101 2274 diligenter
1137 2186 1495 2257 describit.
1590 2188 1861 2275 Itaque,
1913 2203 2312 2275 quanquam
2365 2185 2537 2258 levi—

204 2419 215 2428 q
333 2317 549 2391 oribus
600 2322 671 2391 in
724 2325 934 2392 rebus
989 2322 1394 2411 discrepant
1430 2324 1836 2412 scriptoreS,
1875 2324 2263 2411 hoccaput
2313 2328 2538 2392 totum

326 2454 730 2529 Plutarchus
793 2465 857 2529 a‘
893 2460 1144 2531 Tacito
1197 2461 1429 2548 potuit
1494 2460 1804 2530 haurire.
1915 2459 2028 2530 Ex
2093 2460 2318 2548 primo
2387 2459 2535 2549 qui-

323 2592 460 2662 dem
510 2595 874 2666 enuntiato
930 2618 998 2668 V.
1065 2598 1254 2703 l--2
1311 2593 1798 2692 καταλαμβάνει
1852 2594 1930 2664 δ’·
1974 2585 2164 2665 αὐτὸν
2207 2593 2322 2664 ’ἔτι
2384 2594 2535 2688 μέλ-

289 2703 486 2799 ’λοντα
552 2731 657 2800 καὶ
713 2701 1186 2829 βοδλευόμενον
1224 2731 1574 2827 ἐκραγέντα
1626 2733 1714 2801 τὰ·
1742 2729 2107 2828 Γερμανικά
2157 2733 2333 2803 nihil
2372 2733 2541 2805 novi

311 2869 802 2958 comperimUS,
874 2871 997 2939 sed-
1068 2874 1319 2940 auctor
1386 2890 1500 2940 res
1569 2891 1783 2959 supra
1856 2871 2211 2960 expositas
2266 2871 2536 2941 iterum
2613 2955 2622 2960 „

300 3007 574 3093 repetit,
635 3026 770 3094 quo
841 3005 1127 3076 facilius
1199 3008 1289 3076 ad
1359 3008 1586 3095 ipsam
1655 3007 2134 3077 narrationem
2201 3011 2536 3077 transeat.

303 3140 570 3211 Deinde
625 3161 752 3211 cur
805 3143 1064 3212 milites
1118 3142 1533 3214 fremuerint
1588 3144 1875 3232 exponit
1927 3150 2138 3232 atque
2203 3149 2541 3233 quattuor

296 3279 531 3348 adfert
575 3298 829 3349 causas
865 3301 933 3352 V.
995 3280 1227 3350 2-92
1293 3273 1366 3375 1)
1403 3283 1588 3374 κοινῇ
1640 3278 1761 3373 γὰρ
1815 3278 2098 3372 ἅπαντες
2134 3276 2192 3348 οἱ
2227 3304 2539 3376 στρατευ-

293 3416 517 3507 όμενοι
584 3414 692 3484 τὸν
757 3412 1024 3513 Γάλβαν
1106 3416 1366 3508 ἐμίσουν
1435 3414 1548 3485 οὐκ
1614 3414 2001 3485 ἀποδιδόντα
2067 3416 2184 3511 τὴν
2252 3416 2532 3514 δωρεάν,

290 3550 367 3645 2)
460 3549 626 3626 ἰδίας
706 3549 778 3619 δὲ
859 3550 1083 3622 ἐκεῖνοι
1161 3554 1524 3649 προφάσεις
1603 3553 1929 3623 ἐποιοῦντο
2012 3544 2380 3649 Οὐεργίνιόν
2466 3580 2539 3623 τε

267 3682 557 3783 Ῥοῦφον
623 3688 1096 3785 ἀπερριμμένον
1170 3689 1418 3782 ἀτίμως
1486 3685 1565 3787 3)
1618 3690 1720 3758 καὶ
1772 3686 2102 3759 Γαλατῶν
2140 3690 2290 3765 τοὺς
2341 3690 2537 3761 πολε-

285 3826 634 3921 μήσαντας
670 3823 886 3901 αὐτοῖς
923 3826 1193 3921 δωρεῶν
1230 3828 1686 3921 τυγχάνοντας,
1730 3827 1868 3896 ὅσοι
1898 3826 1970 3895 δὲ
2018 3827 2110 3921 μὴ
2138 3825 2536 3923 προσέθεντο

264 3956 556 4032 Οὐίνδικι
634 3961 1118 4053 κολαζομένους,
1186 3959 1268 4058 4)
1334 3959 1392 4059 ᾧ
1462 3964 1672 4059 μόνῳ
1710 3963 1819 4033 τὸν
1873 3960 2137 4059 Γάλβαν
2187 3965 2376 4059 χάριν
2446 3966 2535 4033 εἰ-

279 4098 470 4170 δέναι
522 4100 624 4210 καὶ
675 4105 863 4192 τιμᾶν
917 4098 1275 4196 τεθνηκότα
1329 4101 1432 4169 καὶ
1511 4101 1830 4197 γεραίρειν
1898 4101 2226 4197 δημοσίοις
2287 4102 2535 4196 ἐναγισ-

277 4242 454 4329 μοῖς,
533 4239 628 4311 ὥς
712 4234 808 4307 ὑπ’
891 4236 1133 4307 ἐκείνου
1190 4233 1539 4330 Ῥωμαίων
1611 4238 2158 4332 ἀποδεδειγμένον
2227 4240 2533 4337 αὐτοκρά-
