3084 4809
283 342 370 415 Ο.
440 348 507 427 5,
555 362 780 418 15--1a
2434 346 2525 416 97

1841 461 1857 491 Ι

278 552 460 619 cium?
513 546 786 619 Neronis
836 552 1056 638 secuti,
1113 550 1444 645 plerisque
1508 550 1961 645 Vespasianum
2004 553 2284 646 fratrem
2335 555 2405 620 in
2458 572 2530 622 eo

277 684 782 779 respicientibus
817 691 888 758 et
938 687 1009 757 h.
1066 689 1134 771 1,
1193 692 1310 771 90,
1350 688 1445 760 19
1476 689 1805 784 profectus
1847 686 2007 760 Otho
2039 692 2312 784 quictem
2348 685 2532 757 urbis

280 844 615 918 &erasque
666 828 927 916 imperii
976 821 1193 895 Salvio
1236 823 1485 895 Titiano
1511 828 1719 918 fratri
1751 830 2069 919 permisit.
2159 826 2300 897 Hic
2334 826 2531 896 locus

279 981 433 1032 non
487 960 734 1050 utique
787 967 1136 1050 repugnat
1195 961 1606 1033 Plutarcho.
1716 963 2019 1034 Sabinus
2086 964 2267 1034 enim
2330 981 2530 1052 prae·

280 1097 527 1168 fectus
579 1097 779 1168 urbis
834 1102 1114 1169 creatus
1169 1104 1297 1181 est,
1353 1118 1508 1169 cum
1566 1098 1751 1169 Otho
1788 1101 1990 1171 modo
2044 1099 2340 1188 adeptus
2379 1105 2536 1170 erat

282 1233 662 1324 imperium
680 1288 696 1318 ,
768 1234 1096 1307 Titianus
1162 1237 1253 1306 ab
1321 1234 1597 1307 Othone
1671 1235 2155 1324 proficiscente
2237 1236 2531 1308 relictus

284 1377 416 1455 est,
470 1377 556 1443 ut
608 1372 812 1462 quasi
863 1372 1202 1462 principis
1254 1371 1411 1444 vice
1464 1371 1879 1462 fungeretur
1934 1372 2162 1462 (meras
2214 1372 2530 1465 imperii).

287 1509 544 1598 Itaque
599 1528 758 1582 cum
823 1509 1151 1580 Clasonio
1214 1503 1317 1605 (p.
1379 1510 1475 1580 50
1548 1510 1706 1581 adn.
1770 1504 1848 1607 1)
1915 1510 2296 1594 consentio,
2366 1510 2532 1580 Plu-

292 1645 621 1716 tarchum
673 1645 1122 1734 neglegentia
1175 1647 1477 1737 quadam
1531 1667 1711 1737 quae
1763 1652 1973 1718 antea
2012 1648 2364 1718 omisisset
2397 1648 2533 1718 hoc

296 1782 442 1853 loco
480 1782 869 1853 inseruisse
906 1788 979 1853 et
1004 1783 1367 1854 Titianum
1392 1803 1684 1873 prorsus
1709 1784 2104 1873 neglexisse
2119 1778 2194 1882 ¹).
2236 1784 2534 1873 Singula

317 1919 472 1990 enim
532 1939 694 1990 cum
748 1920 1152 1990 concinant:
1210 1917 1514 1989 εἴτε-εἴτε
1551 1954 1629 1985 ==
1667 1919 1976 1990 iudicium
2032 1974 2046 1991 .
2091 1974 2108 1992 .
2153 1974 2169 1991 .
2224 1924 2427 1992 secuti
2460 1925 2533 1991 et

300 2054 618 2150 poen‘squc
671 2109 687 2126 .
748 2067 791 2126 ,ἕ
821 2110 839 2127 .
895 2053 1403 2149 νἐφέοίεηίὶὸτιε,
1459 2056 1788 2127 Tacitum
1841 2057 2070 2147 ipsum
2138 2058 2530 2147 inspexisse

294 2193 595 2265 videtur.
669 2192 1006 2264 Sabinum
1063 2213 1107 2264 a
1162 2193 1394 2265 Galba
1431 2214 1716 2266 munere
1749 2195 2109 2284 privatum
2145 2215 2300 2266 esse
2349 2196 2526 2267 satis

284 2331 681 2420 apparebat
710 2324 797 2426 2).

496 2467 1056 2556 Expeditionem,
1094 2487 1305 2557 quam
1340 2475 1634 2557 uterque
1672 2468 1812 2540 iam
1852 2468 2159 2553 incohat,
2199 2489 2356 2541 cum
2393 2470 2530 2541 Ta·

287 2604 479 2676 citus
538 2624 791 2694 parum
840 2604 1228 2693 perspicue,
1283 2605 1712 2676 Plutarchus
1766 2605 1981 2676 etiam
2042 2606 2531 2695 neglegentius

285 2741 669 2826 describat,
724 2742 950 2813 multa
1002 2746 1165 2813 sunt
1226 2743 1549 2814 obscura.
1653 2764 1721 2815 v.
1786 2743 2082 2815 15--18
2148 2743 2342 2819 αὐτὸς
2410 2742 2526 2837 μὲν

489 3064 540 3132 1)
611 3061 809 3116 Krau
826 3078 895 3115 ss
932 3060 1065 3114 adn.
1099 3061 1171 3114 20
1193 3060 1534 3115 Clasonium
1569 3061 1881 3132 impugnat
1916 3066 1991 3131 et,
2029 3060 2167 3132 quia
2187 3061 2365 3134 paulo
2389 3066 2526 3134 post

287 3147 553 3206 'Pinianus
597 3146 754 3203 bello
797 3144 1169 3218 praepositus
1227 3150 1320 3200 est
1365 3151 1426 3200 et
1471 3144 1785 3217 imperium
1836 3151 2220 3216 potestasque
2267 3146 2395 3202 eius
2453 3146 2530 3201 ad

284 3233 654 3305 praefectum
688 3232 853 3286 urbis
887 3231 1133 3300 rediere,
1169 3231 1556 3284 Plutarchum
1592 3230 1708 3286 alio
1746 3239 1986 3286 auctore
2021 3248 2195 3285 usum
2234 3249 2367 3286 esse
2397 3249 2532 3287 con·

280 3319 492 3389 tendit,
541 3335 578 3373 a
612 3333 727 3390 quo
774 3317 1008 3373 Titiano
1057 3317 1331 3387 neglecto
1376 3317 1538 3370 solus
1582 3316 1917 3387 praefectus
1970 3317 2133 3372 urbis
2188 3317 2528 3373 nominatus

276 3406 501 3461 fuisset
601 3403 719 3459 Sed
761 3404 1017 3478 primum
1070 3421 1192 3458 non
1233 3401 1519 3476 probavit,
1567 3402 1799 3458 Titiano
1860 3403 2068 3458 eadem
2114 3420 2264 3474 quae
2313 3403 2530 3460 Sabino

279 3490 485 3547 officia
522 3490 837 3547 commissa
874 3507 1022 3561 esse,
1061 3489 1272 3544 deinde
1306 3488 1434 3544 veri
1463 3488 1654 3544 simile
1689 3507 1809 3545 non
1846 3495 1953 3558 est,
1980 3488 2052 3544 ab
2087 3489 2208 3544 ullo
2243 3489 2530 3561 scriptore

283 3578 561 3633 Romano
584 3577 869 3632 traditum
891 3575 1093 3643 fuisse,
1132 3575 1427 3631 Othonem
1448 3581 1577 3629 tum
1603 3575 1854 3646 demum,
1880 3593 2015 3630 cum
2037 3575 2527 3647 proficisceretur,

282 3664 656 3735 praefectum
690 3663 852 3717 urbis
890 3679 1123 3718 creasse
1158 3661 1196 3716 i.
1234 3678 1283 3717 e.
1319 3678 1534 3715 munus
1570 3661 1720 3715 illud
1762 3661 2180 3734 gravissimum
2218 3661 2365 3716 duos
2400 3662 2525 3716 fere

283 3765 531 3804 menses
575 3765 830 3804 vacuum
871 3745 1199 3819 reliquisse.
1267 3747 1379 3803 Vel
1419 3747 1651 3802 Krauss
1694 3749 1875 3802 unam
1937 3747 2285 3803 relationem
2340 3746 2530 3802 solam

281 3852 492 3892 veram
530 3852 662 3898 esse
697 3849 872 3906 posse
910 3839 971 3889 et
1007 3833 1279 3892 Tacitum
1300 3833 1484 3888 multo
1510 3833 1900 3903 probabiliora
1922 3834 2188 3906 proferre
2219 3832 2529 3903 concedet3

280 3903 474 3976 {itera
506 3920 703 3993 igitur,
747 3925 816 3975 ut
849 3920 977 3992 ipse
1024 3919 1279 3991 exponit,
1324 3919 1422 3975 vel
1456 3920 1836 3991 neglegentia
1870 3920 1969 3975 vel
2007 3937 2201 3975 errore
2249 3924 2378 3975 orta
2423 3923 2530 3973 est.

278 4006 409 4062 Sed
444 4007 497 4061 si
531 4006 687 4082 alius·
718 4006 969 4077 scriptor
1003 4005 1067 4060 in
1104 4006 1231 4060 eius
1267 4005 1428 4061 modi
1460 4005 1904 4076 neglegentiam
1942 4005 2136 4061 delabi
2170 4003 2380 4077 potuit,
2424 4022 2525 4077 po-

285 4092 410 4147 tuit
441 4093 759 4149 Plutarcho
794 4092 951 4148 idem
987 4091 1272 4147 accidere.

489 4197 548 4262 2)
576 4237 580 4241 -
616 4195 825 4268 Neque
864 4195 968 4251 alii
1004 4194 1158 4251 fonti
1189 4194 1526 4265 tribuerim3
1563 4193 1626 4248 in
1669 4192 1795 4250 vita
1829 4192 1988 4249 enim
2023 4194 2245 4250 Galbae
2284 4193 2348 4248 id
2382 4210 2533 4249 com-

281 4281 757 4338 memoravisset.

2171 4383 2203 4437 7
