3084 4809
501 313 598 384 40
2197 316 2283 386 G.
2345 317 2460 399 23,
2522 332 2742 390 16—20.

502 538 562 589 c.
602 520 721 601 18,
764 518 804 588 6
846 522 1264 615 imperatoria
1316 516 1625 589 brevitate
1681 519 1986 613 adoptari
2034 543 2078 589 a
2127 542 2196 590 se
2249 518 2540 591 Pisonem
2574 576 2589 591 .
2622 577 2637 593 .
2673 577 2688 592 .
2728 576 2740 592 .

490 658 898 748 pronuntiat,
936 654 1308 726 Plutarchi
1363 655 1595 727 studio
1636 658 2070 728 narrationis
2127 660 2571 730 exornandae
2625 662 2745 729 ad-

503 792 903 881 scripserim
927 846 943 875 ,
1035 793 1154 882 qui
1251 794 1528 864 omnino
1608 793 1743 864 hoc
1823 794 1977 864 loco
2046 814 2388 865 summam
2460 795 2748 868 exhibet

506 929 1032 1020 loquacitatem.
1126 923 1131 930 ’

1575 1087 1634 1136 c.
1691 1066 1810 1150 18,
1873 1069 1963 1137 13
2022 1088 2121 1157 sq.
2154 1088 2277 1159 per
2311 1071 2548 1139 ceteros
2585 1072 2748 1159 (mi-

1574 1188 1755 1276 lites)
1784 1189 2104 1256 maestz‘tia
2133 1181 2209 1257 ac
2234 1187 2582 1279 sitentium,
2600 1192 2749 1258 tan·-

1576 1328 1768 1400 quam
1822 1310 2202 1399 usurpatam
2256 1310 2448 1377 eliam
2485 1313 2555 1377 in
2580 1329 2749 1401 pace

505 1390 609 1459 καὶ
676 1388 1037 1487 σκυθρωπὰ
1102 1387 1275 1484 μηδὲ
1325 1390 1471 1458 τότε
1576 1425 1867 1495 donativi
1913 1429 2348 1498 necessitatem
2385 1425 2548 1499 bello
2590 1450 2748 1522 per-

505 1525 762 1623 δωρεᾶς
839 1525 1057 1601 αὐτοῖς
1143 1522 1472 1620 δοθείσης·
1576 1545 1888 1630 adissent
1941 1567 1999 1616 c.
2045 1549 2159 1630 17,
2217 1550 2246 1617 1
2297 1568 2398 1637 sq.
2459 1544 2751 1618 Pisonem

500 1667 612 1731 τοῦ
642 1673 645 1678 “
685 1661 758 1731 δὲ
810 1658 1140 1739 Πείσωνος
1201 1664 1259 1731 οἱ
1309 1687 1472 1758 παρ·
1568 1667 1793 1756 fermet
1825 1668 2040 1735 statim
2079 1667 2471 1738 intuentibus
2502 1671 2563 1737 et
2596 1689 2755 1739 moa·

502 1800 682 1873 ὄντες
763 1797 1147 1892 ἐθαύμασαν
1237 1804 1324 1895 τῇ
1401 1759 1475 1867 τέ
1576 1788 1871 1856 com‘ectz's
1926 1791 1994 1854 in
2029 1807 2172 1856 eum
2208 1793 2489 1856 manium
2544 1788 2754 1858 oeulis

1576 1904 1825 1975 nullum
1882 1903 2131 1975 tmbatz'
2180 1909 2297 1974 aut
2358 1906 2754 1977 eoesullantz's

1575 2030 1785 2096 animi
1816 2028 2050 2095 motum
2098 2025 2484 2119 prodidisse.
2541 2041 2760 2096 sermo'

1651 2198 1666 2212 .
1724 2201 1737 2215 .
1781 2166 2075 2215 reverens
2127 2199 2144 2217 .
2200 2205 2214 2221 .
2278 2201 2292 2216 .
2348 2145 2710 2216 moderatus
2715 2166 2746 2230 ,·

1573 2262 1748 2333 nihil
1796 2271 1864 2334 in
1916 2265 2095 2336 vultu
2142 2259 2492 2359 habituque
2531 2268 2738 2334 muta-

1573 2385 1726 2454 tum.

503 1139 573 1191 V.
622 1118 920 1188 16--20
973 1115 1056 1210 ἦν
1112 1113 1184 1185 δὲ
1236 1116 1339 1184 καὶ
1391 1116 1471 1185 τὰ

501 1261 633 1324 τῶν
711 1260 1123 1350 στρατιωτῶν
1212 1250 1470 1323 ὕπουλα

505 1940 703 2031 φωνῇ
730 1937 1214 2032 τεκμαιρόμενοι
1240 1936 1344 2005 καὶ
1371 1943 1470 2033 τῷ

502 2073 846 2168 προσώπῳ
928 2073 999 2142 τὸ
1078 2072 1467 2169 τηλικαύτην

502 2209 691 2305 χάριν
727 2208 1219 2306 ἀνεμπλήκτως,
1242 2212 1314 2284 οὐ
1336 2209 1467 2306 μὴν

506 2342 920 2442 ἀναισθήτως
942 2419 947 2424 ,
973 2345 1344 2441 δεχόμενον.

502 2533 702 2605 Haec
738 2534 1135 2620 concinunt,
1189 2536 1327 2607 nisi
1365 2538 1552 2628 quod
1587 2538 2017 2609 Plutarchus
2061 2501 2297 2609 'Paciti
2334 2536 2740 2609 narratione

499 2671 755 2742 leniter
807 2678 1150 2743 exornata
1202 2674 1483 2744 Pisonis
1538 2675 1757 2745 animi
1810 2675 2398 2766 tranquillitatem
2451 2680 2523 2744 et
2557 2674 2748 2745 facie

499 2814 572 2879 et
624 2809 942 2881 oratione
989 2810 1411 2899 apparuisse
1462 2811 1719 2900 prodit,
1776 2832 1956 2902 quae
2008 2829 2122 2883 res
2174 2834 2315 2884 non
2360 2812 2600 2901 magni
2633 2817 2745 2882 est

498 2937 854 3017 momenti.
2439 2935 2444 2940 ’

626 3161 630 3168 ,
705 3084 1169 3173 Adoptionem
1223 3085 1653 3157 Plutarchus
1707 3107 2132 3176 magnopere
2190 3069 2564 3160 coartavit.
2676 3089 2745 3159 A

462 3222 756 3293 -Tacito
813 3222 996 3292 enim
1049 3223 1191 3295 tria
1243 3193 1806 3312 distinguuntur:
1898 3219 1975 3322 1)
2014 3224 2400 3295 amicorum
2438 3230 2509 3295 et
2542 3224 2748 3295 fami-

502 3358 788 3429 liarium
842 3359 1236 3443 concilium,
1292 3361 1417 3431 ubi
1473 3361 1706 3431 Galba
1764 3361 2058 3433 consilio
2116 3382 2241 3433 suo
2296 3363 2744 3451 promulgato

503 3495 890 3565 orationem
960 3496 1178 3567 habet
1246 3498 1337 3567 ad
1407 3497 1736 3568 Pisonem
1805 3493 1918 3595 (c.·
1968 3494 2342 3596 14—17);
2400 3520 2535 3589 quo
2591 3499 2746 3570 loco

501 3693 745 3749 solitum
800 3709 948 3764 esse,
988 3695 1094 3748 sed
1129 3696 1359 3751 Krauss
1422 3696 1555 3750 adn.
1593 3696 1661 3751 10
1696 3697 1899 3766 obicit,
1955 3698 2028 3753 de
2080 3697 2283 3756 tabula
2333 3698 2432 3753 hic
2476 3716 2595 3754 non
2631 3700 2747 3770 agi,

501 3780 609 3836 sed
648 3780 721 3834 de
758 3779 1039 3848 oratione,
1077 3797 1259 3851 quam·
1289 3780 1478 3835 Galba
1514 3782 1590 3835 ad
1624 3781 1843 3837 milites
1881 3784 2100 3839 habere
2135 3784 2392 3840 voluerit
2429 3789 2490 3839 et
2528 3784 2749 3857 partim

502 3866 575 3921 de
613 3865 832 3937 scripto
867 3866 1220 3922 recitaverit.
1293 3866 1461 3922 Idem
1484 3868 1839 3922 Plutarchus
1868 3869 1934 3924 G.
1961 3870 2028 3925 14
2052 3871 2125 3926 de
2149 3870 2508 3943 Nymphidio
2544 3877 2749 3927 narrat

499 3953 669 4035 λόγον
712 3952 830 4017 τινὰ
891 3955 1135 4038 κομίζων
1178 3954 1236 4016 ἐν
1282 3954 1478 4039 βιβλίῳ
1524 3956 1911 4038 γεγραμμένον
1954 3959 2063 4021 ὑπὸ
2106 3955 2428 4039 Κιγγωνίου
2480 3956 2748 4042 Οὐάρρω-

408 4095 413 4101 ·
501 4080 609 4137 νος,
659 4057 719 4120 ὃν
766 4056 1203 4141 ἐκμεμελετήκει
1245 4058 1382 4141 πρὸς
1425 4058 1551 4127 τοὺς
1596 4060 1934 4141 στρατιώτας
1976 4061 2165 4123 εἰπεῖν.
2250 4067 2605 4123 Plutarchus
2640 4055 2745 4124 no-

503 4158 753 4227 tionem,
801 4175 951 4229 quae
1000 4164 1092 4213 est
1138 4176 1282 4228 una,
1328 4151 1397 4213 in>
1433 4164 1677 4235 partesu,⁴
1706 4160 1915 4230 quibus
1961 4167 2212 4229 constat,
2251 4161 2513 4240 dividere
2552 4158 2737 4219 amat:

506 4241 674 4301 velut
707 4260 912 4298 vocem
950 4244 1282 4314 adoptionis
1319 4262 1550 4315 semper
1588 4245 1982 4316 compluribus
2018 4247 2215 4303 verbis
2252 4248 2449 4303 vertit.
