3084 4809
553 340 694 410 140
2284 343 2366 415 Ο.
2430 343 2542 426 11,
2596 359 2786 417 7--18

548 569 633 619 ac
686 547 966 620 litteras
1020 571 1079 638 c.
1125 552 1217 620 39
1259 554 1859 634 commemorataS,
1917 551 2171 641 quibus
2208 550 2395 623 Otho
2438 550 2791 641 proelium

553 685 937 775 flagitaret.
1030 687 1168 758 Sed
1222 688 1611 778 simplicius
1665 694 1774 759 est
1825 688 1911 760 de
1963 690 2118 761 loco
2172 689 2413 779 aliquo
2468 689 2795 779 cogitare

550 824 824 895 itineris
862 827 1268 898 accuratius
1302 847 1440 897 non
1479 825 1903 916 significato.
1977 829 2063 898 In
2100 827 2357 898 castris
2392 827 2478 898 de
2512 826 2787 917 proelio

555 962 958 1034 dubitatum
1027 968 1152 1046 est,
1210 965 1331 1034 sed
1385 963 1661 1036 Othone
1714 985 1840 1053 per
1864 963 2170 1036 *litteras
2222 964 2595 1056 flagitante
2647 964 2799 1035 iter

549 1106 877 1189 coeptum
959 1106 1066 1171 est
1142 1101 1477 1173 videlicet
1556 1101 1780 1175 invito
1833 1101 2136 1174 Paulino
2217 1106 2289 1172 et
2340 1102 2567 1174 Celso.
2699 1103 2793 1173 In

548 1238 818 1320 itinere,
893 1259 1049 1309 cum
1117 1239 1471 1312 exercitus
1538 1260 1678 1310 non
1742 1239 1991 1329 procul
2057 1241 2148 1311 ab
2213 1240 2416 1311 hoste
2481 1241 2789 1323 abesset,

435 1431 436 1434 η
546 1375 792 1447 Celsus
846 1381 917 1447 et
969 1377 1312 1448 Paulinus
1367 1378 1623 1449 iterum
1679 1377 2041 1449 Titianum
2096 1383 2166 1449 et
2217 1378 2596 1448 Proculum
2662 1378 2787 1448 ob-

545 1520 1024 1598 secraverunt,
1096 1519 1176 1587 ut
1250 1517 1339 1588 ab
1412 1515 1661 1587 insano
1729 1513 2022 1587 consilio
2089 1513 2528 1587 desisterent.
2602 1515 2792 1587 'Sed

546 1658 618 1722 et
684 1652 757 1722 hi
825 1653 961 1742 ipsi
1015 1654 1106 1724 ad
1159 1653 1271 1725 ius
1326 1653 1605 1742 imperii
1657 1654 2080 1736 transibant,
2137 1657 2207 1724 et
2259 1652 2550 1726 advenit
2603 1654 2792 1725 alter

551 1790 641 1861 ab
709 1790 982 1862 Othone
1048 1791 1335 1863 nuntius
1403 1810 1562 1863 cum
1616 1790 1976 1864 atrocibus
2030 1791 2403 1862 mandatis.
2513 1790 2777 1861 Deinde

550 1927 685 1998 iter
736 1933 1198 2018 perrexerunt
1249 1934 1321 1999 et
1370 1928 1573 2002 brevi
1629 1948 1788 1999 cum
1834 1928 2239 1999 Vitellianis
2292 1927 2785 2000 conflixerunt.

547 2066 791 2156 Neque
817 2066 971 2138 veri
1000 2066 1340 2137 dissimile
1368 2071 1493 2146 est,
1525 2065 1892 2150 Othonem,
1925 2087 2065 2156 qua
2101 2070 2286 2137 esset
2318 2065 2790 2155 impatientia,

548 2219 951 2293 quanquam
1032 2205 1124 2274 ad
1192 2204 1406 2275 duces
1472 2203 1828 2293 profectos
1893 2204 2171 2275 litteras
2242 2205 2385 2275 iam
2456 2203 2789 2287 dedisset,

548 2341 803 2431 quibus
869 2341 1213 2430 proelium
1266 2340 1651 2430 flagitaret,
1713 2344 1952 2412 tamen
2003 2341 2215 2430 paulo
2267 2346 2429 2431 post
2481 2340 2791 2411 alterum

550 2478 878 2571 nuntium
946 2478 1219 2549 misisse
1287 2500 1444 2550 cum
1498 2478 1746 2553 iisdem
1791 2477 2164 2561 mandatis,
2222 2478 2342 2569 qui
2395 2466 2785 2552 exercitum

543 2616 616 2687 in
673 2617 924 2689 itinere
979 2622 1392 2688 consecutus
1446 2623 1574 2688 est.

745 2755 931 2838 Quid
961 2754 1290 2826 Titianus
1320 2759 1390 2824 et
1407 2755 1755 2826 Proculus
1783 2754 1911 2825 illa
1937 2753 2380 2843 expeditione
2406 2752 2783 2837 voluerint,

548 2891 955 2981 ignoramus
1008 2896 1081 2962 et
1130 2891 1636 2981 ignorabimus.
1746 2892 1895 2963 Aut
1946 2891 2018 2962 in
2072 2891 2295 2981 tergis
2346 2891 2656 2963 hostium
2708 2911 2786 2961 se

548 3030 974 3103 constituros
1046 3021 1454 3120 sperabant,
1515 3035 1599 3100 ut
1667 3030 2172 3101 commeatibus
2242 3028 2644 3100 interclusis
2714 3033 2788 3099 et

546 3169 902 3259 legionum
953 3167 1407 3257 Illyricarum
1461 3168 1776 3241 adventu
1827 3167 2091 3239 firmati
2144 3168 2382 3238 hostes
2443 3167 2786 3257 opprime·-

547 3313 722 3389 rent,
779 3306 851 3377 id
879 3308 1089 3397 quod
1143 3327 1229 3376 ex
1280 3305 1447 3376 Tac.
1501 3326 1561 3376 c.
1621 3307 1739 3387 40,
1796 3282 1839 3375 1
1896 3325 2023 3375 non
2074 3308 2150 3374 ut
2195 3303 2289 3374 ad
2325 3325 2628 3399 pugnam
2672 3304 2797 3375 sed

551 3443 642 3513 ad
690 3440 1060 3514 bellandum
1101 3444 1379 3538 profecti
1427 3442 1691 3533 conligi
1734 3441 1922 3525 licet,
1960 3446 2085 3512 aut
2122 3440 2272 3513 eius
2307 3441 2496 3513 modi
2532 3441 2785 3512 itinere

551 3582 832 3670 obliquo
868 3581 1190 3654 hostibus
1226 3580 1478 3669 proelii
1514 3578 1821 3652 faciendi
1870 3578 2284 3650 facultatem
2323 3574 2559 3651 facere
2594 3579 2789 3652 vole-

549 3721 741 3802 bant,
805 3715 878 3789 id
939 3719 1123 3808 quod
1189 3737 1274 3788 ex
1329 3717 1623 3789 consilio
1679 3716 2009 3788 Bedriaci
2060 3715 2305 3788 habito
2361 3722 2432 3786 et
2484 3715 2788 3787 Othonis

549 3856 807 3927 litteris
880 3841 1202 3927 concludi
1265 3859 1497 3944 potest
1565 3859 1636 3925 et
1700 3854 1872 3924 mihi
1937 3854 2211 3944 quidem
2276 3853 2430 3927 veri
2484 3852 2789 3925 similius

553 3994 856 4067 videtur.
965 3992 1159 4065 Certi
1211 3993 1586 4084 quicquam
1639 3991 1858 4063 statui
1911 3991 2174 4082 nequit.
2265 3991 2450 4063 Sane
2494 3989 2790 4062 nimium

550 4132 783 4203 laudis
854 4131 1105 4203 Tacito
1175 4130 1430 4202 tribuit
1499 4130 2029 4213 Gerstenecker‚
2103 4149 2261 4201 cum
2324 4150 2393 4218 p.
2463 4129 2557 4200 33
2624 4146 2788 4198 eum

555 4241 734 4363 quae
770 4266 987 4342 fuerit
1022 4266 1373 4360 expeditio
1426 4267 1632 4360 plane
1676 4255 2080 4361 significare
2130 4266 2520 4358 contendit3
2571 4264 2781 4337 immo
