3084 4809
399 164 420 211 z
453 179 526 217 ο..
668 203 687 223 .
730 177 778 223 ⁰0·
836 175 855 224 z
890 170 980 231 τοις
1011 188 1105 239 ...Ο

275 282 294 299 .
351 283 372 303 0
401 287 417 300 Π
457 287 501 322 ,Ο
587 286 604 305 0
667 288 686 306 0
731 290 806 311 ..ρ
841 294 859 313 0
946 296 963 314 0
1031 301 1050 320 ο
1115 274 1196 309 Ο..

247 285 859 367 .’·.;;·;4ἱ·;’..··
944 330 963 348 ·
1014 333 1062 354 ··
1193 319 1211 338 ·

270 356 288 375 ο
350 375 368 391 “
399 359 442 392 0·
481 351 713 401 ⁰o⁹:'0⁸
788 354 857 405 το
910 354 1210 417 0²:⁰0⁸0:

520 502 665 568 tam
737 508 928 570 certo
999 499 1383 582 contendit,
1450 505 1530 570 ut
1597 500 2030 588 argumentis
2096 521 2269 590 opus
2337 520 2486 571 esse
2539 505 2748 589 neget

519 636 609 706 ad
665 635 1084 707 sententiam
1138 638 1743 726 comprobandam.
1827 636 2098 708 Eadem
2152 643 2259 709 est
2310 638 2495 710 ratio
2549 637 2746 708 Nis-

519 771 753 842 senii
788 766 866 869 ¹).
975 772 1200 857 Quam
1254 774 1401 864 ipse
1453 772 1692 863 posuit
1741 774 1989 862 legem,
2026 775 2100 844 in
2153 795 2236 846 ea
2287 793 2746 865 perseverans

520 908 849 980 Tacitum
901 929 945 979 a
997 909 1381 981 Plutarcho
1436 929 1840 999 expressum
1888 930 2038 981 esse
2076 912 2162 981 ob
2201 911 2744 1002 discrepantiam

515 1051 751 1135 negat.
858 1048 1109 1137 Itaque
1163 1046 1339 1117 nihil
1391 1047 1715 1136 relinqui,
1771 1047 1909 1117 nisi
1961 1054 2041 1119 ut
2091 1053 2464 1138 utrumque
2519 1048 2743 1119 eidem

513 1181 695 1253 fonti
748 1202 821 1253 se
874 1183 1267 1273 applicasse
1322 1190 1737 1267 statuamuS,
1795 1203 1997 1273 quem
2051 1186 2393 1256 alteruter
2445 1185 2739 1292 diligen-

513 1320 658 1390 tius
725 1320 1209 1409 exscripserit,
1283 1325 1494 1411 atque
1570 1320 1674 1390 ita
1744 1321 2235 1410 explicandum
2306 1341 2490 1406 esse,
2560 1322 2744 1411 quod

519 1457 721 1527 modo
774 1456 893 1527 hic
928 1458 1129 1527 modo
1168 1457 1287 1526 ille
1323 1456 1833 1528 accuratiorem
1870 1460 2209 1546 praebeat
2243 1458 2743 1529 narrationem.

517 1592 624 1664 Eo
712 1597 989 1664 tantum
1075 1592 1315 1663 differt
1379 1614 1425 1663 a
1491 1593 1745 1664 Petero
1779 1644 1796 1656 -
1826 1602 1898 1665 et
1974 1595 2469 1678 Mommsenio,
2560 1596 2745 1684 quod

518 1750 949 1801 communem
1001 1729 1264 1801 fontem
1316 1730 1534 1803 Plinii
1587 1731 1925 1802 historias
1979 1731 2199 1803 fuisse
2253 1736 2478 1822 putat,
2534 1699 2766 1822 quaml

516 1867 989 1939 coniecturam
1026 1887 1283 1957 magna
1321 1868 1715 1957 sagacitate
1752 1889 2146 1959 magnaque
2184 1890 2340 1941 cum
2374 1869 2742 1960 diligentia

512 2004 792 2075 firmare
831 2010 1146 2075 conatur.
1221 2005 1358 2075 Sed
1391 2005 1526 2076 hoc
1562 2006 1851 2075 minoris
1890 2010 1997 2076 est
2031 2006 2383 2077 momenti.
2456 2008 2735 2088 Peter,

511 2141 994 2225 Mommsen,
1035 2142 1341 2212 Nissen
1376 2142 1607 2212 adhuc
1642 2149 2014 2230 utrumque
2051 2142 2459 2229 scriptorem
2497 2141 2737 2210 eodem

514 2284 802 2349 auctore
853 2298 1057 2349 usum
1110 2297 1261 2349 esse
1314 2278 1710 2349 adfirmant.
1791 2279 1964 2349 Post
2013 2297 2213 2348 nemo
2270 2297 2529 2361 eorum,
2620 2278 2740 2366 qui

518 2416 591 2485 in
642 2435 788 2486 rem
842 2415 1336 2505 gravissimam
1388 2415 1928 2505 inquisiverunt,
1985 2415 2169 2485 idem
2219 2416 2536 2505 protulit.

719 2553 1081 2623 Sententia
1149 2553 1449 2636 diversa,
1519 2573 1660 2642 qua
1727 2553 2155 2624 Plutarchus
2226 2553 2555 2624 Tacitum
2628 2573 2744 2623 ex-

513 2690 896 2780 scripserit,
949 2732 1052 2740 —
1103 2710 1260 2761 cum
1311 2691 1377 2762 N
1392 2686 2060 2786 ipperdeium2),
2116 2691 2235 2779 qui
2289 2690 2742 2760 adnotatione

510 2848 659 2898 rem
687 2827 1016 2911 absolvit,
1052 2828 1370 2898 omittere
1396 2827 1746 2916 possimus
1781 2868 1882 2877 --
1917 2846 1961 2896 a
1999 2820 2481 2922 Olasonioss)
2516 2825 2741 2914 primo

512 2965 797 3036 defensa
851 2969 978 3036 est.
1087 2961 1511 3054 Compositis
1567 2962 1886 3043 omnibus
1942 2962 2063 3051 qui
2117 2967 2512 3050 congruant
2563 2960 2739 3032 locis

513 3103 681 3193 quid
733 3101 1016 3172 intersit
1067 3101 1251 3173 inter
1284 3101 1653 3189 utriusque
1707 3098 2074 3188 scriptoris
2108 3098 2524 3170 relationem
2578 3119 2736 3171 con-

510 3242 777 3311 siderat
844 3247 915 3310 et
979 3243 1368 3328 perpaucos
1435 3257 1587 3309 esse
1654 3237 1845 3308 locos
1912 3236 2376 3308 Plutarcheos
2449 3237 2737 3320 invenit,

716 3457 766 3524 1)
836 3456 1107 3511 Nissen
1154 3455 1281 3524 „die
1315 3453 1624 3511 Historien
1659 3454 1764 3508 des
1801 3454 2028 3508 alteren
2063 3451 2321 3507 Plinius“
2359 3452 2511 3507 Mus„
2548 3453 2737 3508 Rhen.

509 3542 709 3598 XXVI
754 3559 809 3613 p.
854 3542 1142 3596 497—548.
1223 3540 1578 3595 Dissertatio
1630 3538 2074 3593 Dickmanni
2128 3538 2314 3608 „Num
2368 3538 2441 3593 de
2492 3537 2739 3608 ratione,

512 3645 663 3700 quae
708 3628 865 3682 inter
900 3627 1035 3682 Tac.
1076 3631 1137 3683 et
1179 3626 1327 3682 Plin.
1363 3626 1499 3680 hist.
1543 3624 1898 3693 intercedat,
1941 3629 2104 3679 recte
2148 3623 2547 3679 Nissenius
2592 3624 2740 3679 iudi-

515 3714 737 3769 caverit
789 3714 1093 3784 quaeritur
1147 3713 1288 3768 etc.“
1344 3711 1482 3766 diss
1536 3711 1704 3765 Rost.
1758 3710 2152 3765 Hannoverae
2205 3710 2351 3765 mihi
2404 3710 2480 3764 ad
2527 3725 2741 3764 manus

510 3818 630 3856 non
667 3799 794 3854 fuit.

709 3886 764 3952 2)
836 3883 1141 3940 Cornelius
1185 3882 1426 3938 Tacitus
1482 3881 1703 3937 erklart
1752 3899 1870 3937 von
1911 3881 1984 3936 Κ.
2027 3880 2440 3954 Nipperdey
2483 3880 2572 3935 ed.
2612 3880 2741 3936 VII.

507 3969 710 4025 Berlin
749 3971 882 4026 1879
914 3970 1096 4042 praef.
1134 3988 1188 4042 p.
1223 3971 1307 4040 28,
1345 3968 1473 4023 adn.
1511 3970 1557 4024 1.

711 4056 769 4125 3)
839 4056 1119 4112 Octavius
1167 4056 1382 4111 Glason
1430 4055 1744 4126 „Plutarch
1787 4054 1910 4108 und
1954 4053 2227 4108 Tacitus“
2270 4050 2475 4106 Berlin
2512 4051 2647 4106 1870
2681 4058 2741 4107 et

509 4141 787 4212 „Tacitus
833 4142 955 4197 und
991 4144 1247 4198 Sueton“
1283 4142 1533 4197 Breslau
1571 4142 1718 4196 1870.
1790 4139 1968 4194 Illum
2002 4138 2268 4193 libellum
2305 4136 2605 4208 intellego,
2639 4136 2741 4191 ubi

509 4228 583 4283 de
621 4227 895 4283 Clasonio
933 4246 1046 4302 ago
1083 4229 1245 4284 nullo
1281 4228 1475 4286 indice
1512 4227 1823 4302 adscripto,
