3084 4809
524 292 613 363 14

513 497 596 567 de
635 496 927 567 consilio
966 515 1091 567 suo
1145 494 1301 585 agit
1335 501 1406 566 et
1441 516 1622 585 quae
1663 494 1879 567 fuerit
1925 494 2238 567 condicio
2277 497 2382 567 rei
2417 496 2742 586 publicae

512 633 1171 723 provinciarumque
1207 633 1520 705 breviter
1572 633 1691 703 ille
1742 600 2019 722 quidem
2057 634 2176 704 sed
2213 633 2589 724 diligenter
2623 654 2741 706 ex-

508 770 725 859 ponit.
814 772 980 859 Ipsa
1032 770 1348 841 narratio
1402 769 1684 841 initium
1720 770 1911 860 capit
1946 792 2005 841 c.
2060 771 2185 855 12,
2241 790 2379 861 quo
2417 772 2737 844 nuntium

509 907 920 979 defectionis
975 909 1324 979 exercitus
1381 908 1786 979 Germanici
1839 909 2138 980 Romam
2187 909 2466 983 venisse
2519 908 2744 980 tradit

507 1052 580 1117 et
644 1047 736 1117 ad
798 1046 1241 1134 adoptionem
1303 1045 1586 1118 Pisonis
1660 1047 2124 1116 enarrandam
2186 1046 2465 1117 transit.
2571 1046 2738 1117 Plu-

506 1183 827 1254 tarchum
878 1187 959 1253 ut
994 1184 1187 1253 vitae
1240 1183 1651 1272 scriptorem
1687 1184 1779 1253 ab
1816 1183 2068 1253 altiore
2121 1183 2326 1254 initio
2378 1204 2492 1254 res
2540 1205 2738 1273 repe-

504 1325 652 1391 tere
702 1324 1243 1391 consentaneum
1289 1324 1416 1389 est.
1496 1321 1749 1410 Itaque
1796 1319 2030 1391 omnia
2080 1321 2170 1390 ad
2207 1319 2431 1393 vitam
2465 1321 2736 1391 Galbae

503 1457 948 1547 pertinentia,
1005 1477 1183 1545 quae
1247 1462 1410 1526 ante
1463 1457 1534 1526 k.
1593 1458 1744 1527 Ian.
1801 1462 2006 1545 gesta
2059 1464 2240 1539 sunt,
2297 1457 2582 1528 exhibet
2633 1498 2736 1508 —

504 1594 579 1665 id
630 1596 813 1685 quod
867 1614 911 1663 a
964 1593 1200 1664 Taciti
1253 1592 1547 1664 consilio
1588 1594 1892 1664 alienum
1947 1598 2054 1664 est
2090 1613 2188 1646 ·--
2224 1604 2294 1665 et
2347 1614 2406 1665 c.
2469 1594 2559 1665 19
2614 1595 2730 1665 de-

504 1752 688 1802 mum
742 1733 835 1802 ad
885 1730 1163 1801 initium
1200 1730 1367 1800 anni
1422 1732 1513 1802 69
1569 1731 1909 1819 pervenit.
1999 1731 2192 1815 Quae
2245 1732 2477 1820 priore
2527 1738 2735 1821 parte

500 1870 810 1958 praebet,
874 1868 999 1938 vix
1061 1868 1478 1957 appellanda
1546 1874 1654 1939 est
1715 1868 1890 1942 vita.
2015 1868 2196 1939 Nam
2258 1888 2318 1938 c.
2392 1870 2427 1938 1
2500 1888 2733 1958 pauca

500 2005 863 2094 praefatus
919 2005 1191 2076 orditur
1243 2025 1302 2075 c.
1346 2005 1386 2075 2
1444 2026 1487 2075 a
1523 2005 1948 2095 Nymphidio
1988 2005 2269 2087 Sabino,
2319 2004 2460 2094 qui,
2499 2006 2729 2098 ὥσπερ

502 2140 753 2238 εἴρηται
786 2181 889 2193 --
922 2143 1177 2231 quibus
1212 2141 1449 2213 verbis
1503 2142 1721 2212 aliam
1755 2141 1999 2224 vitam,
2036 2141 2369 2213 videlicet
2410 2140 2726 2222 Neronis,

499 2278 891 2369 significari
925 2279 1078 2351 veri
1115 2278 1342 2349 simile
1379 2284 1486 2350 est
1533 2319 1614 2331 -
1656 2298 2008 2350 unacum
2049 2278 2402 2368 Tigellino
2443 2275 2734 2372 ἔπαρχος

495 2423 615 2522 τῆς
676 2414 885 2511 αὐλῆς
936 2415 1183 2486 fuisset
1248 2421 1319 2486 et
1379 2415 1715 2488 donativo
1768 2416 2113 2487 militibus
2166 2416 2507 2506 promisso
2589 2434 2730 2485 om·
2869 2471 2896 2506 ,

497 2554 691 2624 nium
745 2553 1086 2623 malorum
1139 2558 1390 2624 auctor
1440 2553 1677 2624 factus
1728 2558 1934 2625 esset.
2036 2555 2310 2626 Galbae
2362 2574 2583 2643 usque
2636 2554 2727 2623 ad

498 2691 920 2781 legationem
989 2690 1526 2780 Hispaniensem
1600 2691 1754 2763 vita
1829 2711 1966 2763 uno
2037 2712 2097 2762 c.
2168 2695 2210 2761 3
2265 2691 2578 2762 breviter
2643 2691 2730 2760 de

498 2829 763 2918 scripta
818 2828 956 2898 iam
1012 2847 1114 2898 ce.
1172 2829 1218 2899 4
1272 2832 1343 2898 et
1398 2831 1438 2899 5
1495 2829 1976 2917 comperimus,
2042 2848 2175 2919 quo
2230 2828 2429 2897 modo
2494 2827 2726 2897 Galba

494 2966 877 3056 imperator
941 2966 1426 3036 consalutatus
1498 2971 1570 3035 et
1638 2966 1823 3037 Nero
1888 2986 1967 3037 eo
2029 2964 2273 3036 nuntio
2341 2968 2723 3033 commotus

496 3104 612 3175 sit.
718 3104 803 3174 In
882 3102 1135 3174 ceteris
1215 3122 1487 3192 quoque
1569 3123 1669 3174 cc.
1751 3104 1901 3174 sola
1980 3100 2463 3172 recentissima
2531 3099 2726 3171 facta

494 3247 1144 3326 commemorantur,
1200 3240 1410 3312 etiam
1469 3241 1530 3311 si
1585 3260 1743 3311 cum
1782 3241 2053 3312 Galbae
2104 3237 2258 3313 vita
2308 3258 2558 3328 parum
2613 3258 2724 3309 co-

493 3380 806 3449 haerent.
872 3345 1139 3449 'velut
1205 3399 1262 3449 ο.
1336 3379 1377 3449 6
1451 3378 1534 3447 de
1602 3377 1831 3448 Clodii
1883 3376 2343 3465 Verginiique
2413 3374 2724 3446 consiliis

493 3515 750 3605 agitur,
817 3520 908 3598 et,
975 3519 1057 3586 ut
1122 3516 1359 3586 eodem
1429 3514 1658 3604 capite
1728 3515 2026 3587 Galbam
2084 3513 2379 3583 Vindice
2447 3512 2723 3584 devicto
2837 3541 2842 3546 ·

492 3658 683 3723 metu
756 3653 1243 3742 perturbatum
1313 3671 1464 3722 esse
1536 3654 1657 3722 sed
1731 3673 1785 3723 c.
1861 3652 1902 3721 7
1976 3652 2061 3721 de
2131 3657 2354 3722 morte
2427 3649 2724 3720 Neronis

494 3790 863 3861 certiorem
915 3789 1180 3860 factum
1232 3788 1575 3880 paulatim
1613 3790 1921 3860 animum
1973 3788 2432 3878 resumpsisse
2484 3786 2724 3869 refert,

493 3929 598 3998 ita
652 3948 751 3999 cc.
812 3930 854 3998 8
911 3933 981 3998 et
1037 3928 1078 3998 9
1135 3929 1220 3998 de
1272 3926 1684 4018 Nymphidii
1747 3925 2386 3998 machinationibus
2443 3922 2728 3994 uberius

495 4064 780 4154 exponit
831 4070 1042 4154 atque
1096 4085 1156 4135 c.
1221 4065 1311 4135 10
1366 4066 1639 4135 demum
1697 4064 1781 4133 ad
1844 4064 2148 4134 Galbam
2182 4061 2385 4142 redit,
2438 4060 2552 4131 cui
2588 4060 2729 4129 iam

494 4202 728 4274 omnia
794 4204 1068 4272 cedunt.
1140 4222 1199 4271 c.
1280 4203 1363 4271 11
1439 4202 1574 4272 iter
1637 4201 1787 4272 eius
1854 4199 2190 4271 describit
2243 4205 2315 4269 et
2365 4198 2509 4268 iam
2576 4204 2728 4268 tum
