3084 4809
284 335 364 403 Gr.
425 334 541 415 22,
600 352 823 407 16-22.
2425 337 2513 404 31

282 537 632 626 pertinere
685 557 816 625 per
867 556 941 605 se
996 538 1407 625 apparebat.
1515 539 1697 609 Item
1751 544 2292 609 consentaneum
2346 543 2522 620 erat,

285 674 766 746 Hordeonium
829 693 872 743 a
938 673 1283 745 militibus
1348 674 1459 744 ius
1514 674 1887 748 iurandum
1942 675 2282 764 exegisse.
2367 675 2523 745 Hoc

284 811 710 882 Plutarchus
763 815 956 881 recte
1008 810 1384 900 perspexit.
1494 812 1596 882 Ut
1647 833 1815 883 vero
1870 811 2273 895 minutiora,
2343 832 2524 902 quae

289 948 572 1019 Tacitus
657 947 915 1030 adfert,
994 947 1342 1037 neglegit,
1424 947 1527 1019 ita
1598 936 1743 1018 alia
1806 949 2128 1036 pluribus
2192 950 2528 1020 describit

290 1087 533 1158 verbis
619 1085 869 1174 Neque
921 1084 1104 1154 enim
1142 1084 1488 1173 imagines
1542 1085 1955 1173 simpliciter
2009 1086 2351 1175 diruptaS,
2403 1088 2527 1157 sed

294 1242 371 1291 ne
407 1222 567 1312 quid
626 1220 1186 1310 praetermisisse
1221 1221 1571 1304 videatur,
1627 1226 1699 1292 et
1752 1227 2027 1294 statuas
2077 1223 2524 1312 imperatoris

301 1363 366 1429 et
422 1359 769 1449 imagines
849 1358 1071 1448 signis
1147 1357 1420 1430 adfixas
1499 1364 2015 1442 commemorat,
2084 1364 2297 1449 atque
2363 1360 2525 1432 illas

314 1515 592 1579 eversas,
663 1496 797 1564 has
864 1496 1188 1584 dereptas
1253 1515 1405 1566 esse
1477 1495 1822 1596 enuntiat.
1927 1495 2123 1567 Idem
2194 1496 2385 1568 cadit
2453 1498 2527 1568 in
2575 1547 2586 1554 -

319 1629 701 1728 διελύθησαν,
769 1633 952 1721 quod
1026 1631 1362 1715 additum,
1443 1638 1524 1702 ut
1595 1652 1709 1704 res
1775 1633 1978 1721 quasi
2049 1634 2526 1722 spectaculum

322 1767 554 1855 legenti
617 1770 745 1842 sub
813 1768 1051 1839 oculos
1120 1768 1561 1839 subiceretur
1630 1774 1702 1839 et
1780 1770 2125 1858 oppositio
2197 1772 2528 1844 evaderet

236 1939 242 1949 =
339 1922 480 1971 cum
521 1905 970 1993 sequentibus

518 2041 659 2111 Iam
683 2044 856 2113 enim
886 2047 1121 2141 exstat
1146 2042 1332 2130 apud
1361 2040 1825 2134 Plutarchum
1866 2042 2093 2113 oratio
2122 2043 2526 2137 ἡγεμονικοῦ,

335 2175 437 2263 qui
498 2186 715 2267 spreto
779 2200 963 2254 novo
1033 2179 1336 2252 militum
1406 2185 1845 2252 sacramento
1909 2179 2276 2252 Vitellium
2344 2201 2527 2252 com-

321 2316 594 2388 mendat.
683 2316 838 2401 Qua
892 2317 964 2386 in
1016 2317 1356 2399 oratione,
1411 2337 1592 2405 quae
1646 2318 1833 2405 apud
1880 2317 2206 2387 Tacitum
2262 2320 2528 2390 deside-

311 2457 512 2536 ratur,
566 2454 628 2523 si
681 2454 924 2524 inania
959 2456 1180 2524 verba
1215 2453 1864 2541 praetermittimus
1919 2453 2098 2526 nihil
2152 2454 2299 2525 fere
2335 2456 2528 2530 inve-

307 2587 501 2673 nitur,
539 2590 710 2681 quin
763 2592 853 2661 ab
907 2591 1041 2662 hoc
1093 2591 1381 2662 haurire
1433 2589 1763 2679 potuerit.
1855 2590 2171 2664 Primum
2208 2594 2525 2665 enuntia-

303 2729 438 2796 tum
475 2749 541 2801 v.
592 2729 890 2799 16-17
953 2727 1094 2797 εἶτα
1137 2732 1270 2802 τοῖς
1318 2729 1723 2822 ἡγεμονικοῖς
1770 2728 2146 2828 παρίστατο,
2178 2728 2560 2821 δεδοικέναι,

295 2862 401 2957 τὴν
437 2863 757 2961 ἀναρχίαν
795 2859 888 2940 ὧς
927 2864 1301 2950 ἀπόστασιν,
1334 2886 1469 2953 quo
1502 2866 1729 2936 oratio
1758 2866 2136 2950 inducitur,
2177 2888 2265 2938 ex
2294 2882 2531 2940 rerum

290 3002 703 3073 condicione
732 3001 1241 3074 conformatum
1270 3009 1398 3085 est,
1438 3003 2203 3092 eademquesententia
2230 3007 2531 3095 amplius

294 3140 712 3229 explanatur
762 3160 831 3212 v.
880 3139 1167 3210 18-21
1210 3136 1385 3229 λέγει
1425 3136 1498 3207 δέ
1551 3163 1644 3215 τις
1696 3139 1764 3208 ἐν
1801 3139 2038 3215 αὔτοῖς·
2076 3142 2138 3209 τί
2170 3143 2530 3236 πάσχομεν,

293 3275 340 3342 ὦ
386 3283 897 3371 συστρατιῶται,
951 3272 1092 3370 μήτ’
1153 3274 1348 3344 ἄλλον
1413 3276 1712 3370 ἡγεμόνα
1773 3276 2152 3369 ποιούμενοι
2202 3279 2369 3373 μήτε
2420 3278 2529 3348 τὸν

277 3416 379 3481 νῦν
436 3413 599 3482 ὄντα
651 3412 1103 3506 φυλάττοντες,
1157 3414 1384 3508 ὥσπερ
1424 3411 1498 3482 οὖ
1536 3408 1822 3511 Γάλβαν,
1861 3410 1994 3482 ἀλλ’
2039 3412 2214 3489 ὅλως
2249 3412 2532 3511 ἄρχοντα

270 3550 383 3619 καὶ
437 3549 519 3619 τὸ
584 3547 908 3646 ἄρχεσθαι
972 3550 1341 3644 φεύγοντες.
1447 3551 1643 3635 Quae
1671 3551 1941 3622 'deinde
1990 3553 2075 3622 de
2127 3552 2531 3625 Hordeonio

266 3687 601 3778 loquitur
635 3709 702 3760 v.
749 3688 1046 3760 21—-22
1089 3683 1380 3757 Φλάκκον
1418 3685 1535 3779 μὲν
1576 3686 1685 3757 οὖν
1711 3682 2089 3785 Ὁρδεώνιον
2129 3686 2314 3761 οὐδὲν
2367 3688 2531 3759 ἄλλο
2582 3663 2588 3669 ι

268 3823 317 3919 ἢ
364 3824 558 3893 σκιὰν
598 3821 752 3893 ὄντά
787 3820 1018 3922 Γάλβα
1068 3824 1171 3893 καὶ
1225 3823 1498 3894 εἴδωλον
1553 3825 1777 3895 ἐατέον
1815 3828 1904 3897 ab
1942 3826 2032 3898 iis
2084 3847 2222 3899 non
2275 3828 2532 3898 discre-

266 3968 479 4051 pant,
539 3980 718 4051 quae
756 3963 1049 4033 Tacitus
1103 3982 1162 4033 c.
1205 3964 1272 4046 9,
1319 3966 1351 4033 1
1400 3963 1576 4034 dicit
1619 3970 1918 4056 superior
1969 3968 2287 4035 ewerm'lus
2342 3964 2530 4059 lega·
2616 3997 2620 4002 ·

266 4102 424 4169 tum
518 4096 943 4171 Hordeonium
1036 4083 1345 4194 Flaccum,
1417 4097 1776 4194 spernebat,
1864 4105 2116 4173 senecta
2192 4124 2268 4173 ac
2355 4099 2532 4172 debe·-

268 4236 470 4305 lz'tate
528 4236 767 4342 pedum
838 4238 1214 4327 invalidum,
1280 4244 1421 4308 siue
1479 4240 1863 4328 constantia,
1929 4244 2070 4309 sine
2132 4243 2528 4331 auctoritate,
