<?xml version="1.0" encoding="UTF-8"?>
<!DOCTYPE html PUBLIC "-//W3C//DTD XHTML 1.0 Transitional//EN"
    "http://www.w3.org/TR/xhtml1/DTD/xhtml1-transitional.dtd">
<html xmlns="http://www.w3.org/1999/xhtml" xml:lang="en" lang="en">
 <head>
  <title>
</title>
<meta http-equiv="Content-Type" content="text/html;charset=utf-8" />
  <meta name='ocr-system' content='tesseract 3.04.00' />
  <meta name='ocr-capabilities' content='ocr_page ocr_carea ocr_par ocr_line ocrx_word'/>
</head>
<body>
  <div class='ocr_page' id='page_1' title='image "./deplutarchiinga01lezigoog_0109.png"; bbox 0 0 3084 4809; ppageno 0'>
   <div class='ocr_carea' id='block_1_1' title="bbox 205 0 406 70">
    <p class='ocr_par' dir='ltr' id='par_1_1' title="bbox 205 0 406 70">
     <span class='ocr_line' id='line_1_1' title="bbox 205 0 406 44; baseline 0 0"><span class='ocrx_word' id='word_1_1' title='bbox 205 0 406 44; x_wconf 58' lang='grc' dir='ltr'>-ΙΙ-*η</span> 
     </span>
     <span class='ocr_line' id='line_1_2' title="bbox 265 47 330 70; baseline 0 -12"><span class='ocrx_word' id='word_1_2' title='bbox 265 47 330 70; x_wconf 63' lang='grc'>,,</span> 
     </span>
    </p>
   </div>
   <div class='ocr_carea' id='block_1_2' title="bbox 296 319 2479 405">
    <p class='ocr_par' dir='ltr' id='par_1_2' title="bbox 296 319 2479 405">
     <span class='ocr_line' id='line_1_3' title="bbox 296 319 2479 405; baseline -0.001 -13"><span class='ocrx_word' id='word_1_3' title='bbox 296 321 362 393; x_wconf 90' lang='grc' dir='ltr'>Ο.</span> <span class='ocrx_word' id='word_1_4' title='bbox 415 326 472 405; x_wconf 86' lang='grc'>5,</span> <span class='ocrx_word' id='word_1_5' title='bbox 524 319 736 397; x_wconf 68' lang='lat'><strong>34—36.</strong></span> <span class='ocrx_word' id='word_1_6' title='bbox 2342 320 2479 389; x_wconf 87' lang='lat'>103</span> 
     </span>
    </p>
   </div>
   <div class='ocr_carea' id='block_1_3' title="bbox 259 523 2483 3773">
    <p class='ocr_par' dir='ltr' id='par_1_3' title="bbox 272 523 2483 2947">
     <span class='ocr_line' id='line_1_4' title="bbox 289 523 2479 625; baseline -0.001 -31"><span class='ocrx_word' id='word_1_7' title='bbox 289 523 506 623; x_wconf 78' lang='grc' dir='ltr'>ὕβρεως</span> <span class='ocrx_word' id='word_1_8' title='bbox 567 526 639 596; x_wconf 88' lang='grc' dir='ltr'>δὲ</span> <span class='ocrx_word' id='word_1_9' title='bbox 705 527 809 596; x_wconf 84' lang='grc' dir='ltr'>καὶ</span> <span class='ocrx_word' id='word_1_10' title='bbox 876 526 1298 625; x_wconf 79' lang='grc' dir='ltr'>βλασφημίας</span> <span class='ocrx_word' id='word_1_11' title='bbox 1369 524 1677 619; x_wconf 80' lang='grc' dir='ltr'>οὐδεμιᾶς</span> <span class='ocrx_word' id='word_1_12' title='bbox 1748 523 2091 619; x_wconf 79' lang='grc' dir='ltr'>ἐφείσαντο</span> <span class='ocrx_word' id='word_1_13' title='bbox 2154 523 2479 621; x_wconf 83' lang='grc' dir='ltr'>προδότην</span> 
     </span>
     <span class='ocr_line' id='line_1_5' title="bbox 290 658 2480 759; baseline -0 -28"><span class='ocrx_word' id='word_1_14' title='bbox 290 663 375 732; x_wconf 82' lang='grc' dir='ltr'>καὶ</span> <span class='ocrx_word' id='word_1_15' title='bbox 413 663 707 756; x_wconf 84' lang='grc' dir='ltr'>λυμεῶνα</span> <span class='ocrx_word' id='word_1_16' title='bbox 752 665 883 733; x_wconf 83' lang='grc' dir='ltr'>τῶν</span> <span class='ocrx_word' id='word_1_17' title='bbox 919 658 1258 759; x_wconf 83' lang='grc' dir='ltr'>Καίσαρος</span> <span class='ocrx_word' id='word_1_18' title='bbox 1300 670 1541 759; x_wconf 84' lang='grc' dir='ltr'>καιρῶν</span> <span class='ocrx_word' id='word_1_19' title='bbox 1578 663 1683 732; x_wconf 84' lang='grc' dir='ltr'>καὶ</span> <span class='ocrx_word' id='word_1_20' title='bbox 1719 664 2115 758; x_wconf 80' lang='grc' dir='ltr'>πραγμάτων</span> <span class='ocrx_word' id='word_1_21' title='bbox 2168 661 2480 756; x_wconf 77' lang='grc' dir='ltr'>λέγοντες.</span> 
     </span>
     <span class='ocr_line' id='line_1_6' title="bbox 288 798 2480 903; baseline -0.001 -32"><span class='ocrx_word' id='word_1_22' title='bbox 288 801 757 873; x_wconf 80' lang='lat' dir='ltr'>Gerstenecker</span> <span class='ocrx_word' id='word_1_23' title='bbox 806 823 874 891; x_wconf 90' lang='lat' dir='ltr'>p.</span> <span class='ocrx_word' id='word_1_24' title='bbox 929 804 1024 872; x_wconf 82' lang='lat'>15</span> <span class='ocrx_word' id='word_1_25' title='bbox 1080 822 1169 872; x_wconf 86' lang='lat' dir='ltr'>ex</span> <span class='ocrx_word' id='word_1_26' title='bbox 1220 800 1606 872; x_wconf 79' lang='lat' dir='ltr'>Plutarcho</span> <span class='ocrx_word' id='word_1_27' title='bbox 1660 819 1882 891; x_wconf 88' lang='lat' dir='ltr'>neque</span> <span class='ocrx_word' id='word_1_28' title='bbox 1936 818 2274 889; x_wconf 85' lang='lat' dir='ltr'>apparere</span> <span class='ocrx_word' id='word_1_29' title='bbox 2327 798 2480 903; x_wconf 80' lang='lat' dir='ltr'>iure</span> 
     </span>
     <span class='ocr_line' id='line_1_7' title="bbox 284 936 2481 1028; baseline 0 -22"><span class='ocrx_word' id='word_1_30' title='bbox 284 943 524 1022; x_wconf 57' lang='lat' dir='ltr'>monet,</span> <span class='ocrx_word' id='word_1_31' title='bbox 549 940 676 1009; x_wconf 88' lang='lat' dir='ltr'>ubi</span> <span class='ocrx_word' id='word_1_32' title='bbox 707 938 943 1009; x_wconf 78' lang='lat' dir='ltr'>¹:fuerit</span> <span class='ocrx_word' id='word_1_33' title='bbox 991 937 1370 1028; x_wconf 83' lang='lat' dir='ltr'>Spurinna,</span> <span class='ocrx_word' id='word_1_34' title='bbox 1425 958 1648 1028; x_wconf 88' lang='lat' dir='ltr'>neque</span> <span class='ocrx_word' id='word_1_35' title='bbox 1703 938 1869 1027; x_wconf 88' lang='lat' dir='ltr'>quid</span> <span class='ocrx_word' id='word_1_36' title='bbox 1921 936 2390 1025; x_wconf 80' lang='lat' dir='ltr'>postulaverit</span> <span class='ocrx_word' id='word_1_37' title='bbox 2437 956 2481 1006; x_wconf 90' lang='lat' dir='ltr'>a</span> 
     </span>
     <span class='ocr_line' id='line_1_8' title="bbox 283 1073 2482 1166; baseline 0 -23"><span class='ocrx_word' id='word_1_38' title='bbox 283 1074 606 1147; x_wconf 76' lang='lat' dir='ltr'>militibus,</span> <span class='ocrx_word' id='word_1_39' title='bbox 730 1075 1144 1166; x_wconf 78' lang='lat' dir='ltr'>Quanquam</span> <span class='ocrx_word' id='word_1_40' title='bbox 1212 1073 1294 1147; x_wconf 84' lang='lat'>0.</span> <span class='ocrx_word' id='word_1_41' title='bbox 1335 1080 1432 1157; x_wconf 63' lang='lat'>·6‚‚</span> <span class='ocrx_word' id='word_1_42' title='bbox 1485 1076 1549 1146; x_wconf 75' lang='lat'>-2</span> <span class='ocrx_word' id='word_1_43' title='bbox 1604 1094 1765 1144; x_wconf 88' lang='lat' dir='ltr'>eum</span> <span class='ocrx_word' id='word_1_44' title='bbox 1813 1074 2249 1146; x_wconf 82' lang='lat' dir='ltr'>Placentiam</span> <span class='ocrx_word' id='word_1_45' title='bbox 2306 1073 2482 1144; x_wconf 90' lang='lat' dir='ltr'>obti-</span> 
     </span>
     <span class='ocr_line' id='line_1_9' title="bbox 282 1210 2480 1302; baseline 0 -22"><span class='ocrx_word' id='word_1_46' title='bbox 282 1212 479 1282; x_wconf 85' lang='lat' dir='ltr'>nuisse</span> <span class='ocrx_word' id='word_1_47' title='bbox 530 1213 726 1296; x_wconf 87' lang='lat' dir='ltr'>dicit,</span> <span class='ocrx_word' id='word_1_48' title='bbox 780 1219 1035 1296; x_wconf 90' lang='lat' dir='ltr'>tamen,</span> <span class='ocrx_word' id='word_1_49' title='bbox 1092 1234 1231 1302; x_wconf 89' lang='lat' dir='ltr'>qua</span> <span class='ocrx_word' id='word_1_50' title='bbox 1285 1213 1372 1282; x_wconf 91' lang='lat' dir='ltr'>de</span> <span class='ocrx_word' id='word_1_51' title='bbox 1422 1232 1499 1282; x_wconf 90' lang='lat' dir='ltr'>re</span> <span class='ocrx_word' id='word_1_52' title='bbox 1553 1221 1832 1300; x_wconf 80' lang='lat' dir='ltr'>agatur,</span> <span class='ocrx_word' id='word_1_53' title='bbox 1888 1230 1974 1281; x_wconf 84' lang='lat' dir='ltr'>ex</span> <span class='ocrx_word' id='word_1_54' title='bbox 2027 1210 2174 1280; x_wconf 91' lang='lat' dir='ltr'>solo</span> <span class='ocrx_word' id='word_1_55' title='bbox 2228 1211 2480 1282; x_wconf 87' lang='lat' dir='ltr'>Tacito</span> 
     </span>
     <span class='ocr_line' id='line_1_10' title="bbox 284 1343 2481 1446; baseline 0 -28"><span class='ocrx_word' id='word_1_56' title='bbox 284 1350 704 1438; x_wconf 77' lang='lat' dir='ltr'>comperimus</span> <span class='ocrx_word' id='word_1_57' title='bbox 758 1343 853 1446; x_wconf 88' lang='lat' dir='ltr'>(c.</span> <span class='ocrx_word' id='word_1_58' title='bbox 919 1349 1010 1420; x_wconf 89' lang='lat'>18</span> <span class='ocrx_word' id='word_1_59' title='bbox 1065 1344 1225 1445; x_wconf 85' lang='lat' dir='ltr'>sq.).</span> <span class='ocrx_word' id='word_1_60' title='bbox 1333 1350 1708 1439; x_wconf 86' lang='lat' dir='ltr'>Spurinna,</span> <span class='ocrx_word' id='word_1_61' title='bbox 1762 1368 1921 1418; x_wconf 84' lang='lat' dir='ltr'>cum</span> <span class='ocrx_word' id='word_1_62' title='bbox 1979 1347 2237 1419; x_wconf 85' lang='lat' dir='ltr'>milites</span> <span class='ocrx_word' id='word_1_63' title='bbox 2290 1346 2481 1418; x_wconf 88' lang='lat' dir='ltr'>intra</span> 
     </span>
     <span class='ocr_line' id='line_1_11' title="bbox 285 1459 2477 1575; baseline 0 -21"><span class='ocrx_word' id='word_1_64' title='bbox 285 1486 670 1558; x_wconf 87' lang='lat' dir='ltr'>munimenta</span> <span class='ocrx_word' id='word_1_65' title='bbox 723 1505 1045 1558; x_wconf 88' lang='lat' dir='ltr'>coercere</span> <span class='ocrx_word' id='word_1_66' title='bbox 1110 1491 1486 1559; x_wconf 87' lang='lat' dir='ltr'>conaretur</span> <span class='ocrx_word' id='word_1_67' title='bbox 1536 1459 1761 1575; x_wconf 89' lang='lat' dir='ltr'>neque</span> <span class='ocrx_word' id='word_1_68' title='bbox 1816 1484 2161 1556; x_wconf 82' lang='lat' dir='ltr'>Caecinae</span> <span class='ocrx_word' id='word_1_69' title='bbox 2214 1487 2477 1554; x_wconf 89' lang='lat' dir='ltr'>temere</span> 
     </span>
     <span class='ocr_line' id='line_1_12' title="bbox 286 1622 2474 1713; baseline -0 -22"><span class='ocrx_word' id='word_1_70' title='bbox 286 1623 514 1694; x_wconf 88' lang='lat' dir='ltr'>obviam</span> <span class='ocrx_word' id='word_1_71' title='bbox 579 1625 690 1695; x_wconf 89' lang='lat' dir='ltr'>ire</span> <span class='ocrx_word' id='word_1_72' title='bbox 755 1623 1035 1706; x_wconf 90' lang='lat' dir='ltr'>sineret,</span> <span class='ocrx_word' id='word_1_73' title='bbox 1104 1623 1360 1713; x_wconf 88' lang='lat' dir='ltr'>capitis</span> <span class='ocrx_word' id='word_1_74' title='bbox 1412 1623 1803 1713; x_wconf 90' lang='lat' dir='ltr'>periculum</span> <span class='ocrx_word' id='word_1_75' title='bbox 1867 1623 2085 1694; x_wconf 89' lang='lat' dir='ltr'>subiit</span> <span class='ocrx_word' id='word_1_76' title='bbox 2138 1642 2197 1693; x_wconf 89' lang='lat' dir='ltr'>c.</span> <span class='ocrx_word' id='word_1_77' title='bbox 2262 1622 2373 1704; x_wconf 87' lang='lat'>18,</span> <span class='ocrx_word' id='word_1_78' title='bbox 2434 1625 2474 1690; x_wconf 92' lang='lat'>5</span> 
     </span>
     <span class='ocr_line' id='line_1_13' title="bbox 294 1758 2479 1856; baseline -0.001 -26"><span class='ocrx_word' id='word_1_79' title='bbox 294 1760 581 1834; x_wconf 58' lang='lat' dir='ltr'>edomitus</span> <span class='ocrx_word' id='word_1_80' title='bbox 640 1761 824 1832; x_wconf 79' lang='lat' dir='ltr'>miles</span> <span class='ocrx_word' id='word_1_81' title='bbox 876 1764 939 1831; x_wconf 93' lang='lat' dir='ltr'>et</span> <span class='ocrx_word' id='word_1_82' title='bbox 989 1758 1147 1831; x_wconf 79' lang='lat' dir='ltr'>belli</span> <span class='ocrx_word' id='word_1_83' title='bbox 1194 1767 1477 1856; x_wconf 77' lang='lat' dir='ltr'>ignarus</span> <span class='ocrx_word' id='word_1_84' title='bbox 1538 1763 1850 1852; x_wconf 78' lang='lat' dir='ltr'>correptis</span> <span class='ocrx_word' id='word_1_85' title='bbox 1910 1765 2127 1854; x_wconf 75' lang='lat' dir='ltr'>signis</span> <span class='ocrx_word' id='word_1_86' title='bbox 2188 1759 2479 1829; x_wconf 71' lang='lat' dir='ltr'>veoeillis·</span> 
     </span>
     <span class='ocr_line' id='line_1_14' title="bbox 308 1897 2480 1987; baseline -0.002 -19"><span class='ocrx_word' id='word_1_87' title='bbox 308 1915 384 1985; x_wconf 74' lang='lat' dir='ltr'>que</span> <span class='ocrx_word' id='word_1_88' title='bbox 415 1920 602 1970; x_wconf 79' lang='lat' dir='ltr'>rnere</span> <span class='ocrx_word' id='word_1_89' title='bbox 656 1901 720 1968; x_wconf 88' lang='lat' dir='ltr'>et</span> <span class='ocrx_word' id='word_1_90' title='bbox 768 1900 1071 1968; x_wconf 78' lang='lat' dir='ltr'>retinenti</span> <span class='ocrx_word' id='word_1_91' title='bbox 1121 1897 1275 1968; x_wconf 79' lang='lat' dir='ltr'>duci</span> <span class='ocrx_word' id='word_1_92' title='bbox 1323 1898 1451 1967; x_wconf 80' lang='lat' dir='ltr'>teta</span> <span class='ocrx_word' id='word_1_93' title='bbox 1501 1898 1822 1980; x_wconf 76' lang='lat' dir='ltr'>intentare</span> <span class='ocrx_word' id='word_1_94' title='bbox 1872 1898 2107 1987; x_wconf 70' lang='lat' dir='ltr'>spretis</span> <span class='ocrx_word' id='word_1_95' title='bbox 2157 1899 2480 1965; x_wconf 80' lang='lat' dir='ltr'>centurio-</span> 
     </span>
     <span class='ocr_line' id='line_1_15' title="bbox 307 2030 2479 2134; baseline -0.001 -29"><span class='ocrx_word' id='word_1_96' title='bbox 307 2030 427 2105; x_wconf 73' lang='lat' dir='ltr'>usbus</span> <span class='ocrx_word' id='word_1_97' title='bbox 474 2035 905 2129; x_wconf 76' lang='lat' dir='ltr'>tribunisque.</span> <span class='ocrx_word' id='word_1_98' title='bbox 1035 2035 1314 2108; x_wconf 72' lang='lat' dir='ltr'>,Ceteris</span> <span class='ocrx_word' id='word_1_99' title='bbox 1370 2034 1608 2107; x_wconf 88' lang='lat' dir='ltr'>verbis</span> <span class='ocrx_word' id='word_1_100' title='bbox 1661 2033 2090 2134; x_wconf 72' lang='lat' dir='ltr'>Plutarchus</span> <span class='ocrx_word' id='word_1_101' title='bbox 2145 2032 2479 2123; x_wconf 87' lang='lat' dir='ltr'>copiosis-</span> 
     </span>
     <span class='ocr_line' id='line_1_16' title="bbox 293 2169 2483 2263; baseline 0 -25"><span class='ocrx_word' id='word_1_102' title='bbox 293 2169 412 2242; x_wconf 85' lang='lat' dir='ltr'>sime</span> <span class='ocrx_word' id='word_1_103' title='bbox 460 2175 652 2246; x_wconf 91' lang='lat' dir='ltr'>idem</span> <span class='ocrx_word' id='word_1_104' title='bbox 705 2172 1042 2262; x_wconf 85' lang='lat' dir='ltr'>exprimit</span> <span class='ocrx_word' id='word_1_105' title='bbox 1090 2173 1273 2263; x_wconf 90' lang='lat' dir='ltr'>quod</span> <span class='ocrx_word' id='word_1_106' title='bbox 1328 2171 1622 2242; x_wconf 83' lang='lat' dir='ltr'>Tacitus</span> <span class='ocrx_word' id='word_1_107' title='bbox 1677 2190 1736 2240; x_wconf 91' lang='lat' dir='ltr'>c.</span> <span class='ocrx_word' id='word_1_108' title='bbox 1795 2170 1922 2254; x_wconf 87' lang='lat'>18,</span> <span class='ocrx_word' id='word_1_109' title='bbox 1985 2173 2023 2240; x_wconf 89' lang='lat'><strong>7</strong></span> <span class='ocrx_word' id='word_1_110' title='bbox 2080 2174 2238 2263; x_wconf 81' lang='lat' dir='ltr'>quin</span> <span class='ocrx_word' id='word_1_111' title='bbox 2283 2169 2483 2262; x_wconf 79' lang='lat' dir='ltr'>prodi</span> 
     </span>
     <span class='ocr_line' id='line_1_17' title="bbox 287 2304 2473 2396; baseline 0.002 -23"><span class='ocrx_word' id='word_1_112' title='bbox 287 2304 539 2381; x_wconf 65' lang='lat' dir='ltr'>Othonem</span> <span class='ocrx_word' id='word_1_113' title='bbox 593 2313 663 2381; x_wconf 88' lang='lat' dir='ltr'>et</span> <span class='ocrx_word' id='word_1_114' title='bbox 709 2312 984 2381; x_wconf 80' lang='lat' dir='ltr'>accitum</span> <span class='ocrx_word' id='word_1_115' title='bbox 1058 2309 1393 2380; x_wconf 69' lang='lat' dir='ltr'>Caecinam</span> <span class='ocrx_word' id='word_1_116' title='bbox 1462 2305 1898 2378; x_wconf 77' lang='lat' dir='ltr'>clamitabant.</span> <span class='ocrx_word' id='word_1_117' title='bbox 2034 2307 2254 2396; x_wconf 84' lang='lat' dir='ltr'>Fugit</span> <span class='ocrx_word' id='word_1_118' title='bbox 2308 2326 2473 2396; x_wconf 89' lang='lat' dir='ltr'>quo·-</span> 
     </span>
     <span class='ocr_line' id='line_1_18' title="bbox 280 2445 2477 2536; baseline 0 -23"><span class='ocrx_word' id='word_1_119' title='bbox 280 2463 380 2531; x_wconf 86' lang='lat' dir='ltr'>que</span> <span class='ocrx_word' id='word_1_120' title='bbox 423 2447 910 2530; x_wconf 88' lang='lat' dir='ltr'>Plutarchum,</span> <span class='ocrx_word' id='word_1_121' title='bbox 968 2447 1152 2536; x_wconf 90' lang='lat' dir='ltr'>quod</span> <span class='ocrx_word' id='word_1_122' title='bbox 1189 2446 1293 2516; x_wconf 92' lang='lat' dir='ltr'>ita</span> <span class='ocrx_word' id='word_1_123' title='bbox 1327 2446 1417 2515; x_wconf 86' lang='lat' dir='ltr'>iis</span> <span class='ocrx_word' id='word_1_124' title='bbox 1469 2449 1840 2534; x_wconf 86' lang='lat' dir='ltr'>repugnat,</span> <span class='ocrx_word' id='word_1_125' title='bbox 1901 2463 2081 2534; x_wconf 89' lang='lat' dir='ltr'>quae</span> <span class='ocrx_word' id='word_1_126' title='bbox 2135 2445 2337 2514; x_wconf 90' lang='lat' dir='ltr'>modo</span> <span class='ocrx_word' id='word_1_127' title='bbox 2391 2445 2477 2514; x_wconf 93' lang='lat' dir='ltr'>de</span> 
     </span>
     <span class='ocr_line' id='line_1_19' title="bbox 278 2573 2477 2672; baseline 0 -22"><span class='ocrx_word' id='word_1_128' title='bbox 278 2579 795 2656; x_wconf 85' lang='lat' dir='ltr'>Othonianorum</span> <span class='ocrx_word' id='word_1_129' title='bbox 844 2573 1151 2672; x_wconf 85' lang='lat' dir='ltr'>segnitia</span> <span class='ocrx_word' id='word_1_130' title='bbox 1192 2582 1405 2670; x_wconf 83' lang='lat' dir='ltr'>dixit3</span> <span class='ocrx_word' id='word_1_131' title='bbox 1459 2587 1736 2652; x_wconf 81' lang='lat' dir='ltr'>tantum</span> <span class='ocrx_word' id='word_1_132' title='bbox 1773 2582 1957 2652; x_wconf 87' lang='lat' dir='ltr'>enim</span> <span class='ocrx_word' id='word_1_133' title='bbox 1995 2581 2299 2652; x_wconf 89' lang='lat' dir='ltr'>studium</span> <span class='ocrx_word' id='word_1_134' title='bbox 2337 2602 2477 2652; x_wconf 88' lang='lat' dir='ltr'>non</span> 
     </span>
     <span class='ocr_line' id='line_1_20' title="bbox 275 2718 2473 2809; baseline -0.002 -16"><span class='ocrx_word' id='word_1_135' title='bbox 275 2723 556 2808; x_wconf 81' lang='lat' dir='ltr'>segnium</span> <span class='ocrx_word' id='word_1_136' title='bbox 611 2728 720 2792; x_wconf 88' lang='lat' dir='ltr'>est</span> <span class='ocrx_word' id='word_1_137' title='bbox 772 2720 1102 2802; x_wconf 89' lang='lat' dir='ltr'>militum,</span> <span class='ocrx_word' id='word_1_138' title='bbox 1158 2720 1280 2790; x_wconf 90' lang='lat' dir='ltr'>sed</span> <span class='ocrx_word' id='word_1_139' title='bbox 1333 2719 1657 2809; x_wconf 85' lang='lat' dir='ltr'>quamvis</span> <span class='ocrx_word' id='word_1_140' title='bbox 1710 2718 2181 2802; x_wconf 88' lang='lat' dir='ltr'>insolentium,</span> <span class='ocrx_word' id='word_1_141' title='bbox 2237 2726 2473 2789; x_wconf 92' lang='lat' dir='ltr'>tamen</span> 
     </span>
     <span class='ocr_line' id='line_1_21' title="bbox 272 2845 2121 2947; baseline 0.001 -23"><span class='ocrx_word' id='word_1_142' title='bbox 272 2860 749 2930; x_wconf 83' lang='lat' dir='ltr'>acerrimorum</span> <span class='ocrx_word' id='word_1_143' title='bbox 797 2863 871 2928; x_wconf 86' lang='lat' dir='ltr'>et</span> <span class='ocrx_word' id='word_1_144' title='bbox 923 2857 1283 2947; x_wconf 86' lang='lat' dir='ltr'>pugnandi</span> <span class='ocrx_word' id='word_1_145' title='bbox 1337 2858 1588 2927; x_wconf 85' lang='lat' dir='ltr'>ardore</span> <span class='ocrx_word' id='word_1_146' title='bbox 1642 2845 2121 2947; x_wconf 85' lang='lat' dir='ltr'>flagrantium.</span> 
     </span>
    </p>

    <p class='ocr_par' dir='ltr' id='par_1_4' title="bbox 259 2993 2477 3773">
     <span class='ocr_line' id='line_1_22' title="bbox 438 2993 2475 3086; baseline -0.001 -20"><span class='ocrx_word' id='word_1_147' title='bbox 438 2997 776 3086; x_wconf 84' lang='lat' dir='ltr'>Sequitur</span> <span class='ocrx_word' id='word_1_148' title='bbox 809 2995 1367 3077; x_wconf 86' lang='lat' dir='ltr'>narratiuncula,</span> <span class='ocrx_word' id='word_1_149' title='bbox 1422 3014 1603 3083; x_wconf 88' lang='lat' dir='ltr'>quae</span> <span class='ocrx_word' id='word_1_150' title='bbox 1655 2994 1841 3082; x_wconf 91' lang='lat' dir='ltr'>apud</span> <span class='ocrx_word' id='word_1_151' title='bbox 1880 2993 2205 3064; x_wconf 85' lang='lat' dir='ltr'>Tacitum</span> <span class='ocrx_word' id='word_1_152' title='bbox 2260 2994 2475 3064; x_wconf 83' lang='lat' dir='ltr'>deest:</span> 
     </span>
     <span class='ocr_line' id='line_1_23' title="bbox 270 3126 2475 3223; baseline -0 -25"><span class='ocrx_word' id='word_1_153' title='bbox 270 3148 314 3199; x_wconf 70' lang='lat' dir='ltr'>V.</span> <span class='ocrx_word' id='word_1_154' title='bbox 366 3133 682 3204; x_wconf 83' lang='lat'><strong>34-36</strong></span> <span class='ocrx_word' id='word_1_155' title='bbox 753 3129 904 3200; x_wconf 82' lang='grc' dir='ltr'>ἔνιοι</span> <span class='ocrx_word' id='word_1_156' title='bbox 971 3128 1044 3198; x_wconf 85' lang='grc' dir='ltr'>δὲ</span> <span class='ocrx_word' id='word_1_157' title='bbox 1108 3130 1213 3199; x_wconf 85' lang='grc' dir='ltr'>καὶ</span> <span class='ocrx_word' id='word_1_158' title='bbox 1281 3126 1722 3221; x_wconf 81' lang='grc' dir='ltr'>μεθυσθέντες</span> <span class='ocrx_word' id='word_1_159' title='bbox 1782 3126 1917 3223; x_wconf 86' lang='grc' dir='ltr'>ἤδη</span> <span class='ocrx_word' id='word_1_160' title='bbox 1987 3128 2207 3204; x_wconf 80' lang='grc' dir='ltr'>νυκτὸς</span> <span class='ocrx_word' id='word_1_161' title='bbox 2270 3127 2475 3223; x_wconf 76' lang='grc' dir='ltr'>ἦλθον</span> 
     </span>
     <span class='ocr_line' id='line_1_24' title="bbox 267 3262 2477 3364; baseline 0 -31"><span class='ocrx_word' id='word_1_162' title='bbox 267 3262 352 3336; x_wconf 82' lang='grc' dir='ltr'>ἐπὶ</span> <span class='ocrx_word' id='word_1_163' title='bbox 406 3269 527 3364; x_wconf 86' lang='grc' dir='ltr'>τὴν</span> <span class='ocrx_word' id='word_1_164' title='bbox 591 3268 834 3364; x_wconf 83' lang='grc' dir='ltr'>σκηνὴν</span> <span class='ocrx_word' id='word_1_165' title='bbox 901 3267 1155 3362; x_wconf 78' lang='grc' dir='ltr'>ἐφόδιον</span> <span class='ocrx_word' id='word_1_166' title='bbox 1209 3267 1555 3340; x_wconf 82' lang='grc' dir='ltr'>αἰτοῦντες·</span> <span class='ocrx_word' id='word_1_167' title='bbox 1620 3264 1775 3333; x_wconf 81' lang='grc' dir='ltr'>εἶναι</span> <span class='ocrx_word' id='word_1_168' title='bbox 1837 3264 1958 3360; x_wconf 76' lang='grc' dir='ltr'>γὰρ</span> <span class='ocrx_word' id='word_1_169' title='bbox 2025 3264 2244 3340; x_wconf 79' lang='grc' dir='ltr'>αὐτοῖς</span> <span class='ocrx_word' id='word_1_170' title='bbox 2313 3265 2477 3361; x_wconf 83' lang='grc' dir='ltr'>πρὸς</span> 
     </span>
     <span class='ocr_line' id='line_1_25' title="bbox 263 3394 2472 3504; baseline 0.002 -34"><span class='ocrx_word' id='word_1_171' title='bbox 263 3394 548 3502; x_wconf 82' lang='grc' dir='ltr'>Καίσαρα</span> <span class='ocrx_word' id='word_1_172' title='bbox 621 3404 987 3504; x_wconf 77' lang='grc' dir='ltr'>βαδιστέον,</span> <span class='ocrx_word' id='word_1_173' title='bbox 1029 3404 1234 3479; x_wconf 73' lang='grc' dir='ltr'>’ὅπως</span> <span class='ocrx_word' id='word_1_174' title='bbox 1305 3402 1542 3472; x_wconf 80' lang='grc' dir='ltr'>ἐκείνου</span> <span class='ocrx_word' id='word_1_175' title='bbox 1606 3402 2158 3497; x_wconf 80' lang='grc' dir='ltr'>κατηγορήσωσιν.</span> <span class='ocrx_word' id='word_1_176' title='bbox 2273 3402 2472 3473; x_wconf 81' lang='lat' dir='ltr'>Haec</span> 
     </span>
     <span class='ocr_line' id='line_1_26' title="bbox 260 3532 2473 3637; baseline 0.001 -30"><span class='ocrx_word' id='word_1_177' title='bbox 260 3558 333 3610; x_wconf 83' lang='lat' dir='ltr'>ex</span> <span class='ocrx_word' id='word_1_178' title='bbox 380 3544 520 3615; x_wconf 91' lang='lat' dir='ltr'>alio</span> <span class='ocrx_word' id='word_1_179' title='bbox 574 3543 768 3616; x_wconf 84' lang='lat' dir='ltr'>fonte</span> <span class='ocrx_word' id='word_1_180' title='bbox 821 3542 1081 3613; x_wconf 89' lang='lat' dir='ltr'>hausta</span> <span class='ocrx_word' id='word_1_181' title='bbox 1132 3561 1376 3631; x_wconf 89' lang='lat' dir='ltr'>neque,</span> <span class='ocrx_word' id='word_1_182' title='bbox 1433 3548 1513 3610; x_wconf 93' lang='lat' dir='ltr'>ut</span> <span class='ocrx_word' id='word_1_183' title='bbox 1567 3540 1824 3611; x_wconf 84' lang='lat' dir='ltr'>Olason</span> <span class='ocrx_word' id='word_1_184' title='bbox 1877 3532 1978 3636; x_wconf 93' lang='lat' dir='ltr'>(p.</span> <span class='ocrx_word' id='word_1_185' title='bbox 2037 3541 2128 3610; x_wconf 85' lang='lat'>51</span> <span class='ocrx_word' id='word_1_186' title='bbox 2187 3540 2346 3611; x_wconf 88' lang='lat' dir='ltr'>adn.</span> <span class='ocrx_word' id='word_1_187' title='bbox 2398 3535 2473 3637; x_wconf 93' lang='lat' dir='ltr'>l)</span> 
     </span>
     <span class='ocr_line' id='line_1_27' title="bbox 259 3671 1818 3773; baseline -0.002 -24"><span class='ocrx_word' id='word_1_188' title='bbox 259 3684 465 3763; x_wconf 89' lang='lat' dir='ltr'>putat,</span> <span class='ocrx_word' id='word_1_189' title='bbox 520 3702 564 3751; x_wconf 93' lang='lat' dir='ltr'>a</span> <span class='ocrx_word' id='word_1_190' title='bbox 615 3679 1002 3750; x_wconf 88' lang='lat' dir='ltr'>Plutarcho</span> <span class='ocrx_word' id='word_1_191' title='bbox 1056 3678 1212 3767; x_wconf 88' lang='lat' dir='ltr'>ipsa</span> <span class='ocrx_word' id='word_1_192' title='bbox 1267 3678 1556 3749; x_wconf 90' lang='lat' dir='ltr'>inventa</span> <span class='ocrx_word' id='word_1_193' title='bbox 1609 3682 1717 3747; x_wconf 90' lang='lat' dir='ltr'>est</span> <span class='ocrx_word' id='word_1_194' title='bbox 1740 3671 1818 3773; x_wconf 86' lang='lat'>¹).</span> 
     </span>
    </p>
   </div>
   <div class='ocr_carea' id='block_1_4' title="bbox 258 3910 2479 4328">
    <p class='ocr_par' dir='ltr' id='par_1_5' title="bbox 258 3910 2479 4328">
     <span class='ocr_line' id='line_1_28' title="bbox 447 3910 2479 3992; baseline 0 -25"><span class='ocrx_word' id='word_1_195' title='bbox 447 3913 497 3980; x_wconf 89' lang='lat'>1)</span> <span class='ocrx_word' id='word_1_196' title='bbox 555 3913 1011 3992; x_wconf 13' lang='lat' dir='ltr'>&amp;Gersteneck</span> <span class='ocrx_word' id='word_1_197' title='bbox 1026 3928 1100 3967; x_wconf 89' lang='lat' dir='ltr'>er</span> <span class='ocrx_word' id='word_1_198' title='bbox 1133 3929 1189 3983; x_wconf 84' lang='lat' dir='ltr'>p.</span> <span class='ocrx_word' id='word_1_199' title='bbox 1227 3912 1293 3967; x_wconf 88' lang='grc'>16</span> <span class='ocrx_word' id='word_1_200' title='bbox 1329 3928 1459 3967; x_wconf 89' lang='lat' dir='ltr'>eam</span> <span class='ocrx_word' id='word_1_201' title='bbox 1481 3911 1546 3966; x_wconf 88' lang='lat' dir='ltr'>in</span> <span class='ocrx_word' id='word_1_202' title='bbox 1572 3910 1812 3966; x_wconf 88' lang='lat' dir='ltr'>dubium</span> <span class='ocrx_word' id='word_1_203' title='bbox 1835 3918 2024 3982; x_wconf 87' lang='lat' dir='ltr'>vacat,</span> <span class='ocrx_word' id='word_1_204' title='bbox 2062 3912 2218 3985; x_wconf 88' lang='lat' dir='ltr'>quod</span> <span class='ocrx_word' id='word_1_205' title='bbox 2243 3930 2313 3969; x_wconf 88' lang='lat' dir='ltr'>ea</span> <span class='ocrx_word' id='word_1_206' title='bbox 2343 3912 2479 3968; x_wconf 91' lang='lat' dir='ltr'>belli</span> 
     </span>
     <span class='ocr_line' id='line_1_29' title="bbox 258 3997 2479 4068; baseline 0.003 -20"><span class='ocrx_word' id='word_1_207' title='bbox 258 3997 587 4067; x_wconf 80' lang='lat' dir='ltr'>tempestate</span> <span class='ocrx_word' id='word_1_208' title='bbox 633 4000 788 4056; x_wconf 88' lang='lat' dir='ltr'>Otho</span> <span class='ocrx_word' id='word_1_209' title='bbox 834 3998 1096 4054; x_wconf 88' lang='lat' dir='ltr'>nondum</span> <span class='ocrx_word' id='word_1_210' title='bbox 1130 3997 1193 4052; x_wconf 87' lang='lat' dir='ltr'>in</span> <span class='ocrx_word' id='word_1_211' title='bbox 1228 3998 1392 4052; x_wconf 88' lang='lat' dir='ltr'>illam</span> <span class='ocrx_word' id='word_1_212' title='bbox 1425 3997 1731 4068; x_wconf 84' lang='lat' dir='ltr'>regionem</span> <span class='ocrx_word' id='word_1_213' title='bbox 1767 3998 2086 4053; x_wconf 85' lang='lat' dir='ltr'>advenerit.</span> <span class='ocrx_word' id='word_1_214' title='bbox 2159 3998 2330 4054; x_wconf 85' lang='lat' dir='ltr'>Certe</span> <span class='ocrx_word' id='word_1_215' title='bbox 2366 3999 2479 4055; x_wconf 88' lang='lat' dir='ltr'>hoc</span> 
     </span>
     <span class='ocr_line' id='line_1_30' title="bbox 260 4080 2477 4158; baseline 0.004 -26"><span class='ocrx_word' id='word_1_216' title='bbox 260 4080 432 4147; x_wconf 87' lang='lat' dir='ltr'>primo</span> <span class='ocrx_word' id='word_1_217' title='bbox 466 4090 727 4158; x_wconf 86' lang='lat' dir='ltr'>tempore</span> <span class='ocrx_word' id='word_1_218' title='bbox 759 4084 899 4140; x_wconf 84' lang='lat' dir='ltr'>belli</span> <span class='ocrx_word' id='word_1_219' title='bbox 934 4083 1161 4153; x_wconf 86' lang='lat' dir='ltr'>accidit,</span> <span class='ocrx_word' id='word_1_220' title='bbox 1200 4101 1334 4138; x_wconf 84' lang='lat' dir='ltr'>cum</span> <span class='ocrx_word' id='word_1_221' title='bbox 1370 4082 1664 4156; x_wconf 84' lang='lat' dir='ltr'>Spurinna.</span> <span class='ocrx_word' id='word_1_222' title='bbox 1702 4089 1761 4138; x_wconf 90' lang='lat' dir='ltr'>et</span> <span class='ocrx_word' id='word_1_223' title='bbox 1785 4084 1990 4138; x_wconf 84' lang='lat' dir='ltr'>Gallus</span> <span class='ocrx_word' id='word_1_224' title='bbox 2015 4083 2126 4139; x_wconf 87' lang='lat' dir='ltr'>soli</span> <span class='ocrx_word' id='word_1_225' title='bbox 2151 4084 2226 4139; x_wconf 84' lang='lat' dir='ltr'>ad</span> <span class='ocrx_word' id='word_1_226' title='bbox 2249 4084 2477 4140; x_wconf 87' lang='lat' dir='ltr'>Padum</span> 
     </span>
     <span class='ocr_line' id='line_1_31' title="bbox 259 4168 2473 4242; baseline 0.003 -24"><span class='ocrx_word' id='word_1_227' title='bbox 259 4180 370 4219; x_wconf 88' lang='lat' dir='ltr'>rem</span> <span class='ocrx_word' id='word_1_228' title='bbox 388 4170 654 4241; x_wconf 81' lang='lat' dir='ltr'>agebant,</span> <span class='ocrx_word' id='word_1_229' title='bbox 675 4177 851 4242; x_wconf 88' lang='lat' dir='ltr'>atque</span> <span class='ocrx_word' id='word_1_230' title='bbox 869 4170 968 4225; x_wconf 89' lang='lat' dir='ltr'>ille</span> <span class='ocrx_word' id='word_1_231' title='bbox 991 4170 1429 4238; x_wconf 82' lang='lat' dir='ltr'>occidentalem,</span> <span class='ocrx_word' id='word_1_232' title='bbox 1440 4168 1538 4222; x_wconf 82' lang='lat' dir='ltr'>hic</span> <span class='ocrx_word' id='word_1_233' title='bbox 1550 4168 1632 4232; x_wconf 88' lang='lat' dir='ltr'>(id</span> <span class='ocrx_word' id='word_1_234' title='bbox 1651 4168 2067 4239; x_wconf 86' lang='lat' dir='ltr'>conligendum</span> <span class='ocrx_word' id='word_1_235' title='bbox 2088 4172 2199 4237; x_wconf 89' lang='lat' dir='ltr'>est)</span> <span class='ocrx_word' id='word_1_236' title='bbox 2222 4170 2473 4225; x_wconf 81' lang='lat' dir='ltr'>orienta-</span> 
     </span>
     <span class='ocr_line' id='line_1_32' title="bbox 260 4248 2472 4328; baseline 0.003 -24"><span class='ocrx_word' id='word_1_237' title='bbox 260 4248 349 4304; x_wconf 91' lang='lat' dir='ltr'>len</span> <span class='ocrx_word' id='word_1_238' title='bbox 364 4251 517 4311; x_wconf 83' lang='lat' dir='ltr'>iliius</span> <span class='ocrx_word' id='word_1_239' title='bbox 529 4256 787 4328; x_wconf 85' lang='lat' dir='ltr'>regionis</span> <span class='ocrx_word' id='word_1_240' title='bbox 804 4263 1034 4327; x_wconf 85' lang='lat' dir='ltr'>partem</span> <span class='ocrx_word' id='word_1_241' title='bbox 1051 4255 1205 4309; x_wconf 87' lang='lat' dir='ltr'>tueri</span> <span class='ocrx_word' id='word_1_242' title='bbox 1225 4255 1553 4324; x_wconf 87' lang='lat' dir='ltr'>studebant,</span> <span class='ocrx_word' id='word_1_243' title='bbox 1576 4253 1725 4309; x_wconf 90' lang='lat' dir='ltr'>Otho</span> <span class='ocrx_word' id='word_1_244' title='bbox 1745 4273 1885 4310; x_wconf 89' lang='lat' dir='ltr'>vero</span> <span class='ocrx_word' id='word_1_245' title='bbox 1906 4273 2038 4310; x_wconf 87' lang='lat' dir='ltr'>cum</span> <span class='ocrx_word' id='word_1_246' title='bbox 2058 4256 2268 4311; x_wconf 86' lang='lat' dir='ltr'>ceteris</span> <span class='ocrx_word' id='word_1_247' title='bbox 2290 4256 2472 4328; x_wconf 88' lang='lat' dir='ltr'>copiis</span> 
     </span>
    </p>
   </div>
  </div>
 </body>
</html>
