3084 4809
455 314 552 386 74
2267 314 2350 385 Ο.
2415 314 2477 399 1,
2519 333 2690 388 1-2.

450 539 520 596 V.
580 519 774 592 1-—2
816 520 850 588 ὅ
890 517 964 588 δὲ
998 520 1319 616 νεώτερος
1359 518 1671 616 αὐτοκρά-
1778 539 1838 591 0.
1896 519 2015 602 47,
2075 519 2116 589 7
2180 516 2341 589 Otho
2394 569 2412 589 .
2466 573 2482 589 .
2539 572 2555 589 .
2624 525 2697 589 in

449 680 583 751 τωρ
638 651 744 747 ἅμ’
796 656 1020 753 ἡμέρᾳ
1069 653 1421 753 προελθὼν
1475 656 1567 733 εἰς
1598 655 1672 730 τὸ
1784 654 2173 749 Capitolium
2254 659 2469 727 vectus
2558 651 2694 753 (sc.

451 788 871 864 Καπιτώλιον
904 791 1146 864 ἔθυσε.
1778 794 1891 865 die
1935 787 2242 890 caedis).

546 1027 552 1032 .
653 932 831 1005 Cum
902 931 1196 1006 Tacitus
1266 930 1699 1004 sacrificium
1767 931 1994 1021 primo
2066 931 2344 1021 integro
2417 928 2698 1019 imperii

450 1067 564 1139 die
616 1062 760 1165 (ἤμῖ
818 1063 1080 1167 ἡμέρᾳ)
1132 1069 1403 1152 factum
1455 1074 1583 1140 aut
1635 1068 1916 1159 ignoret
1951 1074 2082 1140 aut
2117 1067 2420 1152 omittat,
2476 1067 2698 1138 alium

448 1205 876 1295 peculiarem
940 1206 1204 1280 fontem
1270 1206 1661 1278 Plutarcho
1736 1211 2022 1296 praesto
2100 1204 2323 1277 fuisse
2389 1203 2698 1295 cogitari

447 1348 704 1432 potest.
814 1343 953 1415 Sed
1018 1344 1353 1416 sollemne
1415 1343 1879 1427 sacrificium,
1939 1343 2124 1433 quod
2175 1343 2252 1416 in
2304 1341 2700 1428 eiusmodi

449 1500 624 1553 casu
675 1480 1019 1553 usitatum
1057 1489 1234 1565 erat,
1289 1482 1442 1572 ipse
1478 1481 1714 1585 potuit
1747 1481 2027 1564 addere,
2082 1474 2500 1569 praesertim
2538 1498 2700 1550 cum

449 1619 522 1690 id
587 1623 762 1711 agat
778 1673 797 1703 ‚
865 1625 948 1690 ut
1016 1639 1228 1710 quam
1294 1618 1848 1709 grandissimum
1913 1599 2165 1691 reddat
2215 1615 2386 1688 novi
2436 1616 2697 1706 princi-

449 1763 660 1847 patus
712 1755 1017 1828 initium.
1124 1756 1472 1846 Othonem
1525 1755 1712 1827 enim
1763 1755 1990 1845 primo
2028 1752 2253 1828 solido
2299 1753 2414 1824 die
2450 1753 2526 1825 in
2563 1755 2685 1828 Ca-

449 1894 775 1984 pitolium
839 1894 1233 1967 escendisse
1297 1899 1370 1965 et
1435 1893 1508 1964 in
1571 1898 1824 1965 senatu
1888 1892 2120 1981 prima
2172 1895 2339 1963 acta
2391 1889 2693 1966 edidisse

450 2030 694 2104 tradit.
774 2032 930 2116 Qua
964 2052 1042 2102 re
1077 2052 1163 2106 ne
1202 2027 1307 2124 ἅμ’
1348 2030 1574 2127 ἡμέρᾳ
1612 2031 1892 2121 quidem
1925 2029 2399 2120 premendum,
2439 2028 2700 2119 quippe

410 2169 638 2260 quod
701 2188 989 2246 causam
1054 2169 1320 2240 habeat
1382 2168 1455 2239 in
1526 2187 1784 2240 scaena
1845 2188 1890 2237 a
1957 2164 2346 2239 Plutarcho
2418 2185 2694 2253 compo-

451 2306 614 2378 sita.
733 2306 959 2392 Quam
1006 2325 1353 2380 'scaenam
1420 2310 1719 2396 apparet
1785 2302 1925 2394 ipsi
1998 2323 2152 2375 esse
2220 2300 2684 2383 tribuendam.

451 2444 652 2532 Quae
705 2443 889 2514 enim
942 2448 1309 2550 enumerat
1359 2448 1525 2516 acta
1543 2496 1560 2525 ‚
1615 2441 1899 2514 veniam
1954 2440 2158 2513 Celso
2214 2441 2469 2522 datam,
2521 2457 2682 2510 con-

452 2581 812 2654 sulatuum
866 2580 1406 2666 destinationem
1420 2634 1436 2663 ‚
1493 2578 2049 2651 sacerdotiorum
2104 2575 2692 2659 distributionem,

449 2703 795 2790 bonorum
845 2716 1396 2790 restitutionem:
1465 2717 1643 2787 haec
1697 2715 2025 2798 TacituS‚
2095 2714 2217 2805 qui
2270 2734 2331 2786 0.
2389 2712 2693 2798 51-70

453 2854 911 2942 devitellio-
950 2855 1106 2943 agit
1159 2861 1230 2926 et
1282 2873 1341 2925 c.
1404 2856 1494 2924 71
1554 2855 1646 2924 ad
1713 2853 2061 2924 Othonem
2123 2852 2339 2936 redit,
2407 2869 2699 2941 sequen-

451 2993 645 3068 tibus
711 2991 1066 3082 capitibus
1135 2991 1472 3081 temporis
1538 3010 1680 3072 non
1743 2990 1995 3068 habita
2059 2989 2335 3072 ratione
2399 3007 2699 3061 comme-

454 3134 718 3220 morat,
790 3130 1090 3219 primum
1159 3150 1220 3200 0.
1298 3132 1426 3212 71,
1504 3128 1906 3201 secundum·
1953 3133 2026 3199 et
2089 3126 2377 3214 tertium
2443 3147 2506 3197 c.
2577 3125 2700 3208 77,

457 3272 788 3358 quartum
850 3288 911 3339 c.
961 3267 1098 3350 90,
1170 3267 1355 3357 quod
1418 3266 1687 3337 factum
1754 3284 1906 3336 esse
1970 3264 2190 3336 adicit
2249 3262 2477 3353 pridie
2541 3263 2705 3336 idus

455 3404 784 3476 Martias,
893 3405 1145 3495 Itaque
1196 3424 1337 3475 non
1389 3402 1616 3474 eidem
1653 3401 2099 3474 haecomnia
2149 3398 2493 3472 adscribit
2534 3398 2700 3470 diei.

456 3540 817 3614 Differunt
851 3540 1076 3631 igitur
1109 3541 1525 3631 scriptore&
1620 3538 1966 3629 Equidem
2001 3558 2291 3629 prorsus
2336 3535 2702 3609 consentio

457 3701 617 3752 cum
682 3677 1104 3749 Beckurtsio
1169 3671 1250 3774 (1.
1318 3678 1363 3748 l.
1419 3699 1487 3767 p.
1548 3677 1642 3748 35
1710 3670 1883 3773 sq‚)‚
1952 3674 2073 3766 qui
2139 3675 2212 3745 in
2274 3673 2468 3746 fonte
2520 3673 2703 3743 haec

458 3817 835 3889 coniuncta
886 3814 1107 3886 fuisse
1161 3821 1233 3885 et
1285 3835 1330 3886 a
1383 3814 1637 3888 Tacito
1692 3814 2012 3903 dispersa
2064 3832 2216 3883 esse
2269 3815 2521 3901 negat,
2577 3810 2704 3880 sed

456 3954 925 4060 Rlutarchum
957 3954 1094 4025 hoc
1141 3953 1374 4043 capite
1430 3953 1664 4025 omnia
1717 3971 1804 4022 ex
1855 3950 2050 4021 fonte
2102 3946 2420 4037 coegisse
2472 3951 2701 4037 putat,

458 4091 713 4182 quibus
752 4091 938 4164 Otho
974 4090 1362 4180 primorum
1398 4089 1670 4161 animos
1706 4087 1842 4158 sibi
1877 4086 2264 4159 conciliare
2315 4083 2695 4176 studuerit.

462 4226 790 4301 Tacitum
860 4228 1044 4297 enim
1109 4247 1222 4297 res
1289 4226 1362 4297 in
1429 4225 1621 4297 fonte
1688 4224 2101 4297 coniunctas
2169 4224 2346 4296 adeo
2400 4218 2702 4309 dissipa-
