3084 4809
533 299 628 370 96
2358 300 2440 372 O.
2499 305 2567 385 ὅ,
2588 320 2783 375 a-15.

531 505 779 576 deinde
831 505 1099 595 scripta
1147 505 1507 588 habemuS,
1562 505 1747 576 haec.
1791 505 2088 577 Tacitus
2141 506 2286 577 iam
2335 506 2606 595 pridem
2657 528 2783 578 ac·-

533 642 849 714 curatius
901 643 1234 733 prodidit.

528 836 598 888 v.
658 809 905 886 8--10
960 814 1244 910 ἰσχυρῶς
1312 811 1385 881 δὲ
1447 811 1551 882 καὶ

530 958 647 1047 τῆς
700 951 946 1047 μητρὸς
998 946 1390 1047 ἐπεμελήθη
1432 957 1546 1021 τοῦ

533 1081 906 1160 Οὐιτελλίου
974 1089 1079 1158 καὶ
1154 1094 1274 1184 τῆς
1337 1113 1548 1182 γυναι-

529 1226 654 1310 κός,
707 1227 888 1301 ὅπως
950 1223 1156 1322 μηδὲν
1222 1224 1548 1323 φοβήσον-

1653 834 1712 885 c.
1773 818 1813 884 7
1824 817 1890 898 5,
1951 816 1991 883 ¹7
2062 812 2344 884 Vitellius
2397 813 2647 884 litteras
2689 815 2795 885 ad

1664 933 1979 1005 Titianum
2000 935 2275 1029 fi‘alrem
2310 933 2575 1005 Othonis
2602 953 2782 1004 com-

1618 1105 1621 1112 ·
1647 1058 1867 1147 posml
1886 1057 2159 1125 omilium
2193 1061 2325 1147 ipsi
2340 1054 2608 1149 filioque
2631 1059 2780 1124 eius

1651 1178 1982 1263 minitans,
2029 1225 2035 1231 -
2078 1180 2153 1245 ni
2225 1175 2573 1246 incolumes
2648 1171 2788 1244 sibi

1654 1299 1860 1365 mater
1885 1318 1962 1365 ac
1987 1293 2181 1366 liberi
2210 1298 2649 1376 servarentur.
2714 1297 2783 1366 et

1654 1417 1828 1486 stetit
1879 1414 2104 1485 domus
2167 1419 2457 1509 utraque.

528 1387 652 1432 ται
683 1362 832 1459 περὶ
883 1365 1117 1434 αὑτῶν.

530 1586 957 1664 Plutarchus
1026 1592 1099 1658 et
1147 1586 1473 1670 ‚Othonis
1539 1587 1983 1662 clementiam
2059 1586 2287 1677 magis
2358 1586 2645 1659 extollit
2708 1592 2783 1658 et

528 1728 810 1812 praeter
863 1729 1159 1800 matrem
1209 1723 1485 1796 Vitellii
1536 1743 1830 1797 uxorem
1893 1727 2410 1807 commemorat,
2467 1723 2764 1798 Tacitus

530 1860 790 1934 liberos
813 1885 844 1934 z.
880 1861 954 1931 in
1002 1861 1153 1932 eius
1185 1862 1624 1934 modi-rebus
1660 1860 1997 1934 facillime
2024 1860 2514 1950 discrepantia
2540 1865 2769 1950 potest

530 1997 981 2072 intercedere.
1072 1999 1313 2089 Neque
1366 2000 1726 2083 credibile,
1781 2000 1856 2070 in
1891 1998 2240 2074 communi
2287 1998 2526 2089 aliquo
2578 1999 2773 2070 fonte

531 2141 603 2205 et
652 2141 947 2206 matrem
1000 2142 1073 2222 et
1122 2157 1380 2209 uxores
1446 2144 1518 2208 et
1580 2137 1842 2210 liberos
1896 2127 2474 2208 commemoratos
2525 2134 2764 2219 fuisse,

531 2278 602 2343 et
649 2279 1046 2366 utrumque„
1079 2274 1494 2364 scriptorem
1547 2274 1733 2365 quod
1784 2273 2096 2363 placeret
2143 2272 2459 2362 elegisse.
2542 2272 2757 2342 Prae-

531 2416 726 2484 terea
805 2412 866 2482 si
936 2432 1370 2496 communem
1449 2412 1714 2484 fontem
1783 2410 2185 2494 statuimuS,
2251 2429 2548 2501 quonam
2606 2408 2763 2486 loco

531 2549 666 2624 hoc
717 2549 936 2624 fuerit
985 2555 1353 2636 narratum
1405 2549 1794 2640 quaeritur.
1901 2548 2366 2620 Mommsenio
2419 2551 2492 2620 et
2532 2546 2770 2626 Nisse-

531 2686 649 2759 nio
702 2686 881 2770 nihil
937 2687 1380 2777 relinquitur,
1445 2686 1586 2760 nisi
1644 2653 1734 2761 *ut
1800 2686 2188 2762 Plutarcho
2255 2686 2770 2767 adsentiantur.

533 2823 670 2895 Sed
722 2844 882 2895 cum
933 2823 1010 2896 in
1069 2824 1204 2894 hoc
1233 2892 1239 2898 ,
1270 2823 1500 2913 capite
1555 2844 1643 2894 ea
1692 2828 2204 2908 enumerentur,
2261 2824 2518 2915 quibus
2538 2839 2543 2844 ·
2566 2822 2774 2926 Otho,

533 2965 910 3058 antequam
977 2958 1564 3049 proficisceretur,
1661 2980 1740 3031 se
1822 2961 2012 3033 tueri
2089 2961 2470 3064 studuerit,
2533 2960 2781 3032 eadem

532 3097 719 3171 ratio
772 3096 1006 3172 locum
1056 3098 1340 3182 hahere.
1374 3098 1659 3204 videtur
1690 3118 1891 3189 ,quae
1946 3097 2028 3170 Ο.
2100 3098 2164 3181 1,
2220 3103 2433 3189 atque
2493 3098 2783 3174 Plutar-

535 3236 746 3320 chum
797 3240 968 3325 puto
1023 3236 1341 3308 ordinem
1394 3242 1725 3322 mutasse.
2740 3319 2745 3326 ‚

737 3411 805 3462 V.
870 3389 1166 3460 10--15
1220 3394 1340 3484 τῆς
1391 3386 1466 3458 δὲ
1507 3383 1779 3484 Ῥώμης
1825 3387 2084 3482 φύλακα
2118 3383 2438 3458 Φλαούιον
2476 3384 2788 3485 Σαβῖνον,

536 3525 823 3621 ἀδελφὸν
881 3509 1387 3610 Οὖεσπεσιανοῦ,
1451 3527 1870 3621 κατέστησεν,
1938 3522 2065 3596 εἴτε
2130 3525 2232 3595 καὶ
2284 3529 2471 3595 τοῦτο
2523 3523 2789 3622 πράξας

536 3662 644 3734 ἐπὶ
694 3667 855 3759 τιμῇ
903 3657 1212 3760 Νέρωνος
1264 3657 1445 3760 (παρὶ
1506 3662 1751 3735 ἐκείνου
1805 3662 1929 3761 γὰρ
1987 3661 2244 3759 εἰλήφει
2296 3669 2415 3761 ’τῆν
2471 3662 2683 3760 ἀρχὴν
2737 3665 2784 3733 ὃ

536 3799 833 3899 Σαβῖνος,
906 3800 1213 3896 ἀφείλετο
1282 3797 1356 3870 δὲ
1407 3796 1675 3897 Γάλβας
1739 3796 1988 3899 αὐτόν),
2043 3798 2176 3872 εἴτε
2229 3800 2474 3893 μᾶλλον
2498 3811 2505 3817 ’
2526 3797 2791 3870 εὔνοιαν

539 3937 929 4043 ἐνεδείκνυτο
980 3931 1446 4039 Οὐεσπεσιανῷ
1497 3933 1603 4008 καὶ
1653 3939 1857 4034 πίστιν
1911 3933 2127 4018 αὔξων
2181 3934 2474 4035 Σαβῖνον,
2578 3938 2791 4014 Haec

541 4078 869 4150 videntur
904 4095 1062 4149 cum
1099 4076 1350 4147 Tacito
1384 4089 1724 4165 pugnare.
1750 4093 1771 4108 >·
1832 4071 2237 4176 Degea'dem'
2259 4073 2443 4184 enim
2477 4087 2555 4145 re
2598 4075 2788 4146 haec

542 4189 761 4285 refert
812 4214 880 4284 h.
938 4216 1007 4297 1,
1063 4216 1182 4298 46,
1240 4213 1281 4283 5
1338 4207 1490 4283 urbi
1525 4210 1813 4286 Flavium
1852 4212 2164 4288 Sabinum
2198 4179 2569 4309 praefecere
2600 4212 2788 4284 iudi-

2976 4683 3076 4773 ll
