<?xml version="1.0" encoding="UTF-8"?>
<!DOCTYPE html PUBLIC "-//W3C//DTD XHTML 1.0 Transitional//EN"
    "http://www.w3.org/TR/xhtml1/DTD/xhtml1-transitional.dtd">
<html xmlns="http://www.w3.org/1999/xhtml" xml:lang="en" lang="en">
 <head>
  <title>
</title>
<meta http-equiv="Content-Type" content="text/html;charset=utf-8" />
  <meta name='ocr-system' content='tesseract 3.04.00' />
  <meta name='ocr-capabilities' content='ocr_page ocr_carea ocr_par ocr_line ocrx_word'/>
</head>
<body>
  <div class='ocr_page' id='page_1' title='image "./deplutarchiinga01lezigoog_0025.png"; bbox 0 0 3084 4809; ppageno 0'>
   <div class='ocr_carea' id='block_1_1' title="bbox 302 275 2517 399">
    <p class='ocr_par' dir='ltr' id='par_1_1' title="bbox 302 275 2517 399">
     <span class='ocr_line' id='line_1_1' title="bbox 302 275 2517 399; baseline -0 -11"><span class='ocrx_word' id='word_1_1' title='bbox 302 275 383 388; x_wconf 72' lang='lat' dir='ltr'>e.</span> <span class='ocrx_word' id='word_1_2' title='bbox 438 318 553 399; x_wconf 82' lang='lat'>19,</span> <span class='ocrx_word' id='word_1_3' title='bbox 608 335 758 390; x_wconf 71' lang='grc'><strong>6-8.</strong></span> <span class='ocrx_word' id='word_1_4' title='bbox 2423 317 2517 387; x_wconf 88' lang='lat'>19</span> 
     </span>
    </p>
   </div>
   <div class='ocr_carea' id='block_1_2' title="bbox 301 520 2527 1551">
    <p class='ocr_par' dir='ltr' id='par_1_2' title="bbox 301 520 2527 1551">
     <span class='ocr_line' id='line_1_2' title="bbox 302 520 2520 614; baseline -0 -22"><span class='ocrx_word' id='word_1_5' title='bbox 302 527 367 592; x_wconf 86' lang='lat' dir='ltr'>et</span> <span class='ocrx_word' id='word_1_6' title='bbox 428 542 483 591; x_wconf 89' lang='lat' dir='ltr'>c.</span> <span class='ocrx_word' id='word_1_7' title='bbox 561 524 674 604; x_wconf 87' lang='lat'>16,</span> <span class='ocrx_word' id='word_1_8' title='bbox 749 524 840 592; x_wconf 84' lang='lat'>18</span> <span class='ocrx_word' id='word_1_9' title='bbox 916 521 1142 591; x_wconf 80' lang='lat' dir='ltr'>audita</span> <span class='ocrx_word' id='word_1_10' title='bbox 1227 520 1566 614; x_wconf 73' lang='lat' dir='ltr'><em>adoptione</em></span> <span class='ocrx_word' id='word_1_11' title='bbox 1652 520 1943 592; x_wconf 76' lang='lat' dir='ltr'><em>desinam</em></span> <span class='ocrx_word' id='word_1_12' title='bbox 2023 520 2229 591; x_wconf 77' lang='lat' dir='ltr'>m‘derz’</span> <span class='ocrx_word' id='word_1_13' title='bbox 2301 541 2520 612; x_wconf 66' lang='lat' dir='ltr'>senece,</span> 
     </span>
     <span class='ocr_line' id='line_1_3' title="bbox 301 655 2521 751; baseline 0.001 -25"><span class='ocrx_word' id='word_1_14' title='bbox 301 658 461 751; x_wconf 81' lang='lat' dir='ltr'>quod</span> <span class='ocrx_word' id='word_1_15' title='bbox 530 681 703 727; x_wconf 71' lang='lat' dir='ltr'>nunc</span> <span class='ocrx_word' id='word_1_16' title='bbox 779 655 944 727; x_wconf 76' lang='lat' dir='ltr'>milei</span> <span class='ocrx_word' id='word_1_17' title='bbox 1022 680 1218 727; x_wconf 71' lang='lat' dir='ltr'>‘ecnmn</span> <span class='ocrx_word' id='word_1_18' title='bbox 1296 656 1587 729; x_wconf 71' lang='lat' dir='ltr'>obicitur.</span> <span class='ocrx_word' id='word_1_19' title='bbox 1718 659 1826 729; x_wconf 85' lang='lat' dir='ltr'>De</span> <span class='ocrx_word' id='word_1_20' title='bbox 1916 657 2219 728; x_wconf 81' lang='lat' dir='ltr'>orbitate</span> <span class='ocrx_word' id='word_1_21' title='bbox 2304 677 2521 746; x_wconf 86' lang='lat' dir='ltr'>quan·</span> 
     </span>
     <span class='ocr_line' id='line_1_4' title="bbox 302 794 2523 885; baseline -0 -20"><span class='ocrx_word' id='word_1_22' title='bbox 302 814 494 884; x_wconf 87' lang='lat' dir='ltr'>quam</span> <span class='ocrx_word' id='word_1_23' title='bbox 539 795 730 885; x_wconf 88' lang='lat' dir='ltr'>apud</span> <span class='ocrx_word' id='word_1_24' title='bbox 784 816 936 866; x_wconf 90' lang='lat' dir='ltr'>eum</span> <span class='ocrx_word' id='word_1_25' title='bbox 993 795 1169 865; x_wconf 89' lang='lat' dir='ltr'>nihil</span> <span class='ocrx_word' id='word_1_26' title='bbox 1222 801 1478 877; x_wconf 85' lang='lat' dir='ltr'>exstat,</span> <span class='ocrx_word' id='word_1_27' title='bbox 1535 794 1768 885; x_wconf 83' lang='lat' dir='ltr'>quivis</span> <span class='ocrx_word' id='word_1_28' title='bbox 1823 815 1910 865; x_wconf 87' lang='lat' dir='ltr'>ex</span> <span class='ocrx_word' id='word_1_29' title='bbox 1963 815 2234 867; x_wconf 86' lang='lat' dir='ltr'>conexu</span> <span class='ocrx_word' id='word_1_30' title='bbox 2284 814 2523 866; x_wconf 88' lang='lat' dir='ltr'>rerum</span> 
     </span>
     <span class='ocr_line' id='line_1_5' title="bbox 304 931 2526 1022; baseline 0 -20"><span class='ocrx_word' id='word_1_31' title='bbox 304 934 516 1021; x_wconf 89' lang='lat' dir='ltr'>potuit</span> <span class='ocrx_word' id='word_1_32' title='bbox 587 933 1026 1003; x_wconf 80' lang='lat' dir='ltr'>concludere.</span> <span class='ocrx_word' id='word_1_33' title='bbox 1143 933 1469 1004; x_wconf 82' lang='lat' dir='ltr'>Ceterum</span> <span class='ocrx_word' id='word_1_34' title='bbox 1543 951 1721 1022; x_wconf 89' lang='lat' dir='ltr'>quas</span> <span class='ocrx_word' id='word_1_35' title='bbox 1791 932 2220 1003; x_wconf 81' lang='lat' dir='ltr'><strong>Plutarchus</strong></span> <span class='ocrx_word' id='word_1_36' title='bbox 2291 931 2526 1003; x_wconf 80' lang='lat' dir='ltr'>adfert</span> 
     </span>
     <span class='ocr_line' id='line_1_6' title="bbox 311 1069 2527 1159; baseline 0 -20"><span class='ocrx_word' id='word_1_37' title='bbox 311 1089 562 1153; x_wconf 81' lang='lat' dir='ltr'>causaS‚</span> <span class='ocrx_word' id='word_1_38' title='bbox 597 1090 724 1140; x_wconf 86' lang='lat' dir='ltr'>eae</span> <span class='ocrx_word' id='word_1_39' title='bbox 752 1070 1129 1158; x_wconf 79' lang='lat' dir='ltr'>ineptiores</span> <span class='ocrx_word' id='word_1_40' title='bbox 1159 1075 1343 1157; x_wconf 75' lang='lat' dir='ltr'>sunt,</span> <span class='ocrx_word' id='word_1_41' title='bbox 1408 1070 1651 1159; x_wconf 86' lang='lat' dir='ltr'>Neque</span> <span class='ocrx_word' id='word_1_42' title='bbox 1679 1069 1882 1152; x_wconf 85' lang='lat' dir='ltr'>enim,</span> <span class='ocrx_word' id='word_1_43' title='bbox 1920 1077 2001 1140; x_wconf 91' lang='lat' dir='ltr'>ut</span> <span class='ocrx_word' id='word_1_44' title='bbox 2037 1069 2418 1141; x_wconf 78' lang='lat' dir='ltr'>senectutis</span> <span class='ocrx_word' id='word_1_45' title='bbox 2454 1074 2527 1139; x_wconf 93' lang='lat' dir='ltr'>et</span> 
     </span>
     <span class='ocr_line' id='line_1_7' title="bbox 311 1206 2524 1297; baseline 0 -21"><span class='ocrx_word' id='word_1_46' title='bbox 311 1207 646 1278; x_wconf 79' lang='lat' dir='ltr'>orbitat-is</span> <span class='ocrx_word' id='word_1_47' title='bbox 679 1206 1136 1295; x_wconf 84' lang='lat' dir='ltr'>ignominiam</span> <span class='ocrx_word' id='word_1_48' title='bbox 1191 1207 1570 1297; x_wconf 86' lang='lat' dir='ltr'>effugeret,</span> <span class='ocrx_word' id='word_1_49' title='bbox 1627 1207 1859 1278; x_wconf 80' lang='lat' dir='ltr'><strong>Galba</strong></span> <span class='ocrx_word' id='word_1_50' title='bbox 1922 1206 2145 1278; x_wconf 89' lang='lat' dir='ltr'>filium</span> <span class='ocrx_word' id='word_1_51' title='bbox 2212 1207 2350 1277; x_wconf 88' lang='lat' dir='ltr'>sibi</span> <span class='ocrx_word' id='word_1_52' title='bbox 2404 1207 2524 1277; x_wconf 88' lang='lat' dir='ltr'>ad-</span> 
     </span>
     <span class='ocr_line' id='line_1_8' title="bbox 316 1342 2522 1433; baseline 0 -21"><span class='ocrx_word' id='word_1_53' title='bbox 316 1344 603 1433; x_wconf 84' lang='lat' dir='ltr'>sumpsit,</span> <span class='ocrx_word' id='word_1_54' title='bbox 662 1344 785 1413; x_wconf 90' lang='lat' dir='ltr'>sed</span> <span class='ocrx_word' id='word_1_55' title='bbox 837 1349 918 1414; x_wconf 91' lang='lat' dir='ltr'>ut</span> <span class='ocrx_word' id='word_1_56' title='bbox 971 1345 1360 1415; x_wconf 85' lang='lat' dir='ltr'>adiutorem</span> <span class='ocrx_word' id='word_1_57' title='bbox 1414 1345 1710 1414; x_wconf 88' lang='lat' dir='ltr'>haberet</span> <span class='ocrx_word' id='word_1_58' title='bbox 1754 1342 1826 1413; x_wconf 92' lang='lat' dir='ltr'>in</span> <span class='ocrx_word' id='word_1_59' title='bbox 1865 1348 2062 1413; x_wconf 84' lang='lat' dir='ltr'>tanto</span> <span class='ocrx_word' id='word_1_60' title='bbox 2119 1342 2522 1413; x_wconf 80' lang='lat' dir='ltr'>discrimine</span> 
     </span>
     <span class='ocr_line' id='line_1_9' title="bbox 321 1499 540 1551; baseline 0.014 -3"><span class='ocrx_word' id='word_1_61' title='bbox 321 1499 540 1551; x_wconf 87' lang='lat' dir='ltr'>rerum.</span> 
     </span>
    </p>
   </div>
   <div class='ocr_carea' id='block_1_3' title="bbox 296 1633 2528 3094">
    <p class='ocr_par' dir='ltr' id='par_1_3' title="bbox 296 1633 2528 3094">
     <span class='ocr_line' id='line_1_10' title="bbox 497 1633 2525 1724; baseline -0 -20"><span class='ocrx_word' id='word_1_62' title='bbox 497 1635 765 1705; x_wconf 90' lang='lat' dir='ltr'>Deinde</span> <span class='ocrx_word' id='word_1_63' title='bbox 846 1634 1273 1705; x_wconf 85' lang='lat' dir='ltr'>Plutarchus</span> <span class='ocrx_word' id='word_1_64' title='bbox 1360 1654 1583 1724; x_wconf 88' lang='lat' dir='ltr'>usque</span> <span class='ocrx_word' id='word_1_65' title='bbox 1665 1635 1753 1704; x_wconf 89' lang='lat' dir='ltr'>ad</span> <span class='ocrx_word' id='word_1_66' title='bbox 1833 1633 2039 1705; x_wconf 89' lang='lat' dir='ltr'>finem</span> <span class='ocrx_word' id='word_1_67' title='bbox 2116 1655 2174 1705; x_wconf 90' lang='lat' dir='ltr'>c.</span> <span class='ocrx_word' id='word_1_68' title='bbox 2262 1634 2353 1704; x_wconf 85' lang='lat'>20</span> <span class='ocrx_word' id='word_1_69' title='bbox 2440 1635 2525 1703; x_wconf 88' lang='lat' dir='ltr'>de</span> 
     </span>
     <span class='ocr_line' id='line_1_11' title="bbox 336 1765 2528 1869; baseline 0.002 -31"><span class='ocrx_word' id='word_1_70' title='bbox 336 1767 568 1840; x_wconf 88' lang='lat' dir='ltr'>Othone</span> <span class='ocrx_word' id='word_1_71' title='bbox 627 1771 800 1861; x_wconf 86' lang='lat' dir='ltr'>agit.</span> <span class='ocrx_word' id='word_1_72' title='bbox 910 1772 1202 1842; x_wconf 85' lang='lat' dir='ltr'>Tacitus</span> <span class='ocrx_word' id='word_1_73' title='bbox 1266 1791 1539 1861; x_wconf 87' lang='lat' dir='ltr'>quoque</span> <span class='ocrx_word' id='word_1_74' title='bbox 1601 1772 1839 1842; x_wconf 87' lang='lat' dir='ltr'>eodem</span> <span class='ocrx_word' id='word_1_75' title='bbox 1889 1791 2170 1866; x_wconf 34' lang='lat' dir='ltr'>‚conexu</span> <span class='ocrx_word' id='word_1_76' title='bbox 2232 1766 2325 1868; x_wconf 89' lang='lat' dir='ltr'>(c.</span> <span class='ocrx_word' id='word_1_77' title='bbox 2393 1765 2528 1869; x_wconf 77' lang='grc'>,13)</span> 
     </span>
     <span class='ocr_line' id='line_1_12' title="bbox 347 1903 2526 2001; baseline 0.004 -30"><span class='ocrx_word' id='word_1_78' title='bbox 347 1903 529 1974; x_wconf 83' lang='lat' dir='ltr'>huius</span> <span class='ocrx_word' id='word_1_79' title='bbox 570 1908 778 1979; x_wconf 78' lang='lat' dir='ltr'>vitam</span> <span class='ocrx_word' id='word_1_80' title='bbox 831 1912 902 1979; x_wconf 89' lang='lat' dir='ltr'>et</span> <span class='ocrx_word' id='word_1_81' title='bbox 953 1928 1180 1979; x_wconf 89' lang='lat' dir='ltr'>mores</span> <span class='ocrx_word' id='word_1_82' title='bbox 1229 1907 1585 1990; x_wconf 87' lang='lat' dir='ltr'>describit,</span> <span class='ocrx_word' id='word_1_83' title='bbox 1641 1912 1711 1979; x_wconf 88' lang='lat' dir='ltr'>et</span> <span class='ocrx_word' id='word_1_84' title='bbox 1770 1908 2056 1982; x_wconf 85' lang='lat' dir='ltr'>brevius</span> <span class='ocrx_word' id='word_1_85' title='bbox 2104 1929 2325 2001; x_wconf 89' lang='lat' dir='ltr'>paene</span> <span class='ocrx_word' id='word_1_86' title='bbox 2385 1928 2526 2001; x_wconf 85' lang='lat' dir='ltr'>om-</span> 
     </span>
     <span class='ocr_line' id='line_1_13' title="bbox 349 2039 2524 2136; baseline 0.004 -28"><span class='ocrx_word' id='word_1_87' title='bbox 349 2039 449 2109; x_wconf 88' lang='lat' dir='ltr'>nia</span> <span class='ocrx_word' id='word_1_88' title='bbox 506 2043 795 2129; x_wconf 82' lang='lat' dir='ltr'>exhibet,</span> <span class='ocrx_word' id='word_1_89' title='bbox 870 2065 1050 2135; x_wconf 89' lang='lat' dir='ltr'>quae</span> <span class='ocrx_word' id='word_1_90' title='bbox 1121 2065 1165 2114; x_wconf 90' lang='lat' dir='ltr'>a</span> <span class='ocrx_word' id='word_1_91' title='bbox 1243 2044 1629 2114; x_wconf 83' lang='lat' dir='ltr'>Plutarcho</span> <span class='ocrx_word' id='word_1_92' title='bbox 1701 2045 1990 2118; x_wconf 85' lang='lat' dir='ltr'>uberius</span> <span class='ocrx_word' id='word_1_93' title='bbox 2035 2050 2524 2136; x_wconf 68' lang='lat' dir='ltr'>exponuntur.</span> 
     </span>
     <span class='ocr_line' id='line_1_14' title="bbox 335 2175 2523 2267; baseline 0.003 -22"><span class='ocrx_word' id='word_1_94' title='bbox 335 2175 593 2267; x_wconf 88' lang='lat' dir='ltr'>Propter</span> <span class='ocrx_word' id='word_1_95' title='bbox 650 2182 940 2253; x_wconf 86' lang='lat' dir='ltr'>nimiam</span> <span class='ocrx_word' id='word_1_96' title='bbox 993 2201 1161 2254; x_wconf 86' lang='lat' dir='ltr'>vero</span> <span class='ocrx_word' id='word_1_97' title='bbox 1217 2180 1367 2251; x_wconf 90' lang='lat' dir='ltr'>eius</span> <span class='ocrx_word' id='word_1_98' title='bbox 1419 2182 1848 2255; x_wconf 84' lang='lat' dir='ltr'>brevitatem</span> <span class='ocrx_word' id='word_1_99' title='bbox 1896 2202 2035 2253; x_wconf 89' lang='lat' dir='ltr'>non</span> <span class='ocrx_word' id='word_1_100' title='bbox 2088 2182 2523 2266; x_wconf 87' lang='lat' dir='ltr'>crediderim,</span> 
     </span>
     <span class='ocr_line' id='line_1_15' title="bbox 324 2312 2525 2402; baseline 0.002 -17"><span class='ocrx_word' id='word_1_101' title='bbox 324 2312 749 2389; x_wconf 79' lang='lat' dir='ltr'>Plutarchum</span> <span class='ocrx_word' id='word_1_102' title='bbox 801 2319 978 2389; x_wconf 89' lang='lat' dir='ltr'>haec</span> <span class='ocrx_word' id='word_1_103' title='bbox 1028 2338 1115 2388; x_wconf 83' lang='lat' dir='ltr'>ex</span> <span class='ocrx_word' id='word_1_104' title='bbox 1181 2338 1262 2389; x_wconf 90' lang='lat' dir='ltr'>eo</span> <span class='ocrx_word' id='word_1_105' title='bbox 1330 2317 1432 2388; x_wconf 89' lang='lat' dir='ltr'>ita</span> <span class='ocrx_word' id='word_1_106' title='bbox 1500 2318 1855 2402; x_wconf 89' lang='lat' dir='ltr'>hausisse,</span> <span class='ocrx_word' id='word_1_107' title='bbox 1919 2325 2000 2390; x_wconf 91' lang='lat' dir='ltr'>ut</span> <span class='ocrx_word' id='word_1_108' title='bbox 2064 2319 2214 2390; x_wconf 89' lang='lat' dir='ltr'>eius</span> <span class='ocrx_word' id='word_1_109' title='bbox 2279 2339 2525 2390; x_wconf 86' lang='lat' dir='ltr'>narra·</span> 
     </span>
     <span class='ocr_line' id='line_1_16' title="bbox 320 2447 2527 2554; baseline 0.002 -34"><span class='ocrx_word' id='word_1_110' title='bbox 320 2447 546 2524; x_wconf 85' lang='lat' dir='ltr'>tionem</span> <span class='ocrx_word' id='word_1_111' title='bbox 617 2454 822 2544; x_wconf 87' lang='lat' dir='ltr'>quasi</span> <span class='ocrx_word' id='word_1_112' title='bbox 899 2455 1325 2554; x_wconf 85' lang='lat' dir='ltr'>distenderet</span> <span class='ocrx_word' id='word_1_113' title='bbox 1388 2461 1467 2540; x_wconf 74' lang='lat' dir='ltr'>et¹</span> <span class='ocrx_word' id='word_1_114' title='bbox 1508 2456 2008 2544; x_wconf 85' lang='lat' dir='ltr'>additamentis</span> <span class='ocrx_word' id='word_1_115' title='bbox 2061 2454 2527 2548; x_wconf 84' lang='lat' dir='ltr'>amplificaret</span> 
     </span>
     <span class='ocr_line' id='line_1_17' title="bbox 315 2591 2515 2682; baseline 0 -21"><span class='ocrx_word' id='word_1_116' title='bbox 315 2629 404 2640; x_wconf 89' lang='lat'>—-</span> <span class='ocrx_word' id='word_1_117' title='bbox 474 2592 541 2662; x_wconf 93' lang='lat' dir='ltr'>id</span> <span class='ocrx_word' id='word_1_118' title='bbox 638 2593 824 2682; x_wconf 88' lang='lat' dir='ltr'>quod</span> <span class='ocrx_word' id='word_1_119' title='bbox 912 2591 1176 2662; x_wconf 73' lang='lat' dir='ltr'>&#39;Olason</span> <span class='ocrx_word' id='word_1_120' title='bbox 1261 2613 1326 2681; x_wconf 85' lang='lat' dir='ltr'>p.</span> <span class='ocrx_word' id='word_1_121' title='bbox 1415 2592 1455 2661; x_wconf 84' lang='lat'><strong>7</strong></span> <span class='ocrx_word' id='word_1_122' title='bbox 1555 2591 1961 2662; x_wconf 84' lang='lat' dir='ltr'>existimare</span> <span class='ocrx_word' id='word_1_123' title='bbox 2052 2593 2336 2678; x_wconf 83' lang='lat' dir='ltr'>videtur</span> <span class='ocrx_word' id='word_1_124' title='bbox 2436 2631 2515 2642; x_wconf 92' lang='lat'>-</span> 
     </span>
     <span class='ocr_line' id='line_1_18' title="bbox 307 2727 2525 2828; baseline 0.002 -31"><span class='ocrx_word' id='word_1_125' title='bbox 307 2728 413 2797; x_wconf 88' lang='lat' dir='ltr'>sed</span> <span class='ocrx_word' id='word_1_126' title='bbox 455 2737 741 2802; x_wconf 85' lang='lat' dir='ltr'>secutus</span> <span class='ocrx_word' id='word_1_127' title='bbox 789 2735 896 2799; x_wconf 90' lang='lat' dir='ltr'>est</span> <span class='ocrx_word' id='word_1_128' title='bbox 944 2729 1162 2828; x_wconf 88' lang='lat' dir='ltr'>alium</span> <span class='ocrx_word' id='word_1_129' title='bbox 1206 2727 1470 2799; x_wconf 89' lang='lat' dir='ltr'>fontem</span> <span class='ocrx_word' id='word_1_130' title='bbox 1515 2733 1728 2822; x_wconf 86' lang='lat' dir='ltr'>atque</span> <span class='ocrx_word' id='word_1_131' title='bbox 1767 2729 2081 2813; x_wconf 86' lang='lat' dir='ltr'>eundem,</span> <span class='ocrx_word' id='word_1_132' title='bbox 2119 2730 2241 2819; x_wconf 85' lang='lat' dir='ltr'>qui</span> <span class='ocrx_word' id='word_1_133' title='bbox 2269 2728 2525 2802; x_wconf 81' lang='lat' dir='ltr'>Tacito</span> 
     </span>
     <span class='ocr_line' id='line_1_19' title="bbox 301 2841 2528 2963; baseline 0.001 -29"><span class='ocrx_word' id='word_1_134' title='bbox 301 2873 566 2952; x_wconf 87' lang='lat' dir='ltr'>praesto</span> <span class='ocrx_word' id='word_1_135' title='bbox 601 2870 777 2937; x_wconf 87' lang='lat' dir='ltr'>erat.</span> <span class='ocrx_word' id='word_1_136' title='bbox 846 2865 1148 2937; x_wconf 85' lang='lat' dir='ltr'>Textum</span> <span class='ocrx_word' id='word_1_137' title='bbox 1180 2841 1547 2954; x_wconf 84' lang='lat' dir='ltr'>utriusque</span> <span class='ocrx_word' id='word_1_138' title='bbox 1583 2865 1700 2963; x_wconf 69' lang='lat' dir='ltr'>vel</span> <span class='ocrx_word' id='word_1_139' title='bbox 1735 2866 1964 2937; x_wconf 89' lang='lat' dir='ltr'>obiter</span> <span class='ocrx_word' id='word_1_140' title='bbox 1998 2866 2061 2936; x_wconf 88' lang='lat' dir='ltr'>si</span> <span class='ocrx_word' id='word_1_141' title='bbox 2097 2865 2528 2955; x_wconf 82' lang='lat' dir='ltr'>inspicimuS,</span> 
     </span>
     <span class='ocr_line' id='line_1_20' title="bbox 296 2996 2467 3094; baseline 0 -22"><span class='ocrx_word' id='word_1_142' title='bbox 296 3002 359 3072; x_wconf 91' lang='lat' dir='ltr'>id</span> <span class='ocrx_word' id='word_1_143' title='bbox 409 3008 737 3094; x_wconf 87' lang='lat' dir='ltr'>apparet.</span> <span class='ocrx_word' id='word_1_144' title='bbox 845 3002 1106 3075; x_wconf 89' lang='lat' dir='ltr'>Ordine</span> <span class='ocrx_word' id='word_1_145' title='bbox 1161 3002 1344 3073; x_wconf 90' lang='lat' dir='ltr'>enim</span> <span class='ocrx_word' id='word_1_146' title='bbox 1396 3008 1695 3073; x_wconf 90' lang='lat' dir='ltr'>utuntur</span> <span class='ocrx_word' id='word_1_147' title='bbox 1745 3023 1967 3091; x_wconf 86' lang='lat' dir='ltr'>paene</span> <span class='ocrx_word' id='word_1_148' title='bbox 2020 3004 2297 3074; x_wconf 89' lang='lat' dir='ltr'>eodem:</span> <span class='ocrx_word' id='word_1_149' title='bbox 2463 2996 2467 3004; x_wconf 83' lang='grc'><strong>’</strong></span> 
     </span>
    </p>
   </div>
   <div class='ocr_carea' id='block_1_4' title="bbox 277 3201 2533 3717">
    <p class='ocr_par' dir='ltr' id='par_1_4' title="bbox 277 3201 2533 3717">
     <span class='ocr_line' id='line_1_21' title="bbox 298 3201 2533 3305; baseline -0 -25"><span class='ocrx_word' id='word_1_150' title='bbox 298 3228 348 3280; x_wconf 79' lang='lat' dir='ltr'>v.</span> <span class='ocrx_word' id='word_1_151' title='bbox 390 3212 601 3282; x_wconf 85' lang='lat'>6—8</span> <span class='ocrx_word' id='word_1_152' title='bbox 652 3209 734 3305; x_wconf 79' lang='grc' dir='ltr'>ἦν</span> <span class='ocrx_word' id='word_1_153' title='bbox 789 3206 863 3280; x_wconf 83' lang='grc' dir='ltr'>δὲ</span> <span class='ocrx_word' id='word_1_154' title='bbox 926 3202 1197 3304; x_wconf 64' lang='grc' dir='ltr'><strong>Μοίρίιος</strong></span> <span class='ocrx_word' id='word_1_155' title='bbox 1253 3201 1502 3293; x_wconf 78' lang='grc' dir='ltr'>Ὄθων,</span> <span class='ocrx_word' id='word_1_156' title='bbox 1612 3229 1671 3279; x_wconf 91' lang='lat' dir='ltr'>c.</span> <span class='ocrx_word' id='word_1_157' title='bbox 1713 3210 1845 3293; x_wconf 85' lang='lat'>13,</span> <span class='ocrx_word' id='word_1_158' title='bbox 1907 3210 2201 3281; x_wconf 80' lang='lat'><strong>12-13</strong></span> <span class='ocrx_word' id='word_1_159' title='bbox 2257 3230 2533 3302; x_wconf 79' lang='lat' dir='ltr'>namque</span> 
     </span>
     <span class='ocr_line' id='line_1_22' title="bbox 285 3342 2529 3445; baseline 0 -30"><span class='ocrx_word' id='word_1_160' title='bbox 285 3345 440 3445; x_wconf 83' lang='grc' dir='ltr'>ἀνὴρ</span> <span class='ocrx_word' id='word_1_161' title='bbox 480 3348 664 3443; x_wconf 80' lang='grc' dir='ltr'>γένει</span> <span class='ocrx_word' id='word_1_162' title='bbox 692 3344 806 3439; x_wconf 85' lang='grc' dir='ltr'>μὲν</span> <span class='ocrx_word' id='word_1_163' title='bbox 837 3346 950 3416; x_wconf 83' lang='grc' dir='ltr'>οὐκ</span> <span class='ocrx_word' id='word_1_164' title='bbox 977 3346 1251 3441; x_wconf 75' lang='grc' dir='ltr'>ἀφανής,</span> <span class='ocrx_word' id='word_1_165' title='bbox 1284 3352 1506 3441; x_wconf 80' lang='grc' dir='ltr'>τρυφῇ</span> <span class='ocrx_word' id='word_1_166' title='bbox 1620 3342 1775 3415; x_wconf 70' lang='lat' dir='ltr'>Otho</span> <span class='ocrx_word' id='word_1_167' title='bbox 1831 3350 2185 3439; x_wconf 75' lang='lat' dir='ltr'>pueritiam</span> <span class='ocrx_word' id='word_1_168' title='bbox 2246 3351 2529 3416; x_wconf 76' lang='lat' dir='ltr'>incurio-</span> 
     </span>
     <span class='ocr_line' id='line_1_23' title="bbox 281 3481 2528 3580; baseline 0 -27"><span class='ocrx_word' id='word_1_169' title='bbox 281 3481 347 3553; x_wconf 83' lang='grc' dir='ltr'>δὲ</span> <span class='ocrx_word' id='word_1_170' title='bbox 372 3487 484 3555; x_wconf 85' lang='grc' dir='ltr'>καὶ</span> <span class='ocrx_word' id='word_1_171' title='bbox 515 3483 922 3580; x_wconf 80' lang='grc' dir='ltr'>φιληδονίαις</span> <span class='ocrx_word' id='word_1_172' title='bbox 941 3482 1138 3559; x_wconf 78' lang='grc' dir='ltr'>εὐθὺς</span> <span class='ocrx_word' id='word_1_173' title='bbox 1168 3482 1236 3553; x_wconf 86' lang='grc' dir='ltr'>ἐκ</span> <span class='ocrx_word' id='word_1_174' title='bbox 1253 3482 1503 3552; x_wconf 83' lang='grc' dir='ltr'>παίδων</span> <span class='ocrx_word' id='word_1_175' title='bbox 1611 3504 1698 3565; x_wconf 81' lang='lat' dir='ltr'>se,</span> <span class='ocrx_word' id='word_1_176' title='bbox 1770 3482 2268 3553; x_wconf 79' lang='lat' dir='ltr'>adulescentiam</span> <span class='ocrx_word' id='word_1_177' title='bbox 2339 3486 2528 3576; x_wconf 79' lang='lat' dir='ltr'>petu-</span> 
     </span>
     <span class='ocr_line' id='line_1_24' title="bbox 277 3589 2123 3717; baseline 0.002 -31"><span class='ocrx_word' id='word_1_178' title='bbox 277 3616 342 3686; x_wconf 89' lang='grc' dir='ltr'>ἐν</span> <span class='ocrx_word' id='word_1_179' title='bbox 362 3589 987 3715; x_wconf 60' lang='grc' dir='ltr'>ὀλίγοιςῬῷμαίων</span> <span class='ocrx_word' id='word_1_180' title='bbox 1004 3617 1502 3717; x_wconf 75' lang='grc' dir='ltr'>διεφθαρμένος.</span> <span class='ocrx_word' id='word_1_181' title='bbox 1544 3612 1556 3716; x_wconf 80' lang='lat' dir='ltr'>l</span> <span class='ocrx_word' id='word_1_182' title='bbox 1612 3619 1825 3690; x_wconf 79' lang='lat' dir='ltr'>lanler</span> <span class='ocrx_word' id='word_1_183' title='bbox 1877 3623 2123 3715; x_wconf 80' lang='lat' dir='ltr'>egerat.</span> 
     </span>
    </p>
   </div>
   <div class='ocr_carea' id='block_1_5' title="bbox 271 3824 2531 4052">
    <p class='ocr_par' dir='ltr' id='par_1_5' title="bbox 271 3824 2531 4052">
     <span class='ocr_line' id='line_1_25' title="bbox 276 3824 2531 3915; baseline 0 -20"><span class='ocrx_word' id='word_1_184' title='bbox 276 3825 654 3897; x_wconf 85' lang='lat' dir='ltr'>Sententia</span> <span class='ocrx_word' id='word_1_185' title='bbox 706 3827 853 3898; x_wconf 88' lang='lat' dir='ltr'>fere</span> <span class='ocrx_word' id='word_1_186' title='bbox 888 3828 1131 3896; x_wconf 89' lang='lat' dir='ltr'>eadem</span> <span class='ocrx_word' id='word_1_187' title='bbox 1184 3830 1313 3908; x_wconf 89' lang='lat' dir='ltr'>est,</span> <span class='ocrx_word' id='word_1_188' title='bbox 1370 3825 1491 3895; x_wconf 87' lang='lat' dir='ltr'>sed</span> <span class='ocrx_word' id='word_1_189' title='bbox 1527 3824 1823 3896; x_wconf 86' lang='lat' dir='ltr'>Tacitus</span> <span class='ocrx_word' id='word_1_190' title='bbox 1864 3827 1948 3896; x_wconf 87' lang='lat' dir='ltr'>de</span> <span class='ocrx_word' id='word_1_191' title='bbox 1988 3831 2195 3915; x_wconf 85' lang='lat' dir='ltr'>gente</span> <span class='ocrx_word' id='word_1_192' title='bbox 2232 3824 2531 3897; x_wconf 87' lang='lat' dir='ltr'>Othonis</span> 
     </span>
     <span class='ocr_line' id='line_1_26' title="bbox 271 3962 2531 4052; baseline -0 -19"><span class='ocrx_word' id='word_1_193' title='bbox 271 3967 492 4034; x_wconf 88' lang='lat' dir='ltr'>tacet.</span> <span class='ocrx_word' id='word_1_194' title='bbox 558 3983 627 4036; x_wconf 85' lang='lat' dir='ltr'>v.</span> <span class='ocrx_word' id='word_1_195' title='bbox 687 3965 938 4034; x_wconf 84' lang='lat'>8-14</span> <span class='ocrx_word' id='word_1_196' title='bbox 993 3962 1425 4035; x_wconf 89' lang='lat' dir='ltr'>Plutarchus</span> <span class='ocrx_word' id='word_1_197' title='bbox 1479 3962 1564 4032; x_wconf 88' lang='lat' dir='ltr'>de</span> <span class='ocrx_word' id='word_1_198' title='bbox 1613 3963 1950 4052; x_wconf 86' lang='lat' dir='ltr'>Poppaea</span> <span class='ocrx_word' id='word_1_199' title='bbox 2002 3982 2296 4034; x_wconf 85' lang='lat' dir='ltr'>narrare</span> <span class='ocrx_word' id='word_1_200' title='bbox 2349 3962 2531 4034; x_wconf 90' lang='lat' dir='ltr'>ordi-</span> 
     </span>
    </p>
   </div>
   <div class='ocr_carea' id='block_1_6' title="bbox 269 4100 846 4189">
    <p class='ocr_par' dir='ltr' id='par_1_6' title="bbox 269 4100 846 4189">
     <span class='ocr_line' id='line_1_27' title="bbox 269 4100 846 4189; baseline -0.003 -18"><span class='ocrx_word' id='word_1_201' title='bbox 269 4103 391 4171; x_wconf 88' lang='lat' dir='ltr'>tur</span> <span class='ocrx_word' id='word_1_202' title='bbox 448 4105 532 4169; x_wconf 84' lang='lat' dir='ltr'>et</span> <span class='ocrx_word' id='word_1_203' title='bbox 582 4100 846 4189; x_wconf 88' lang='lat' dir='ltr'>pergit:</span> 
     </span>
    </p>
   </div>
   <div class='ocr_carea' id='block_1_7' title="bbox 2158 4336 2222 4395">
    <p class='ocr_par' dir='ltr' id='par_1_7' title="bbox 2158 4336 2222 4395">
     <span class='ocr_line' id='line_1_28' title="bbox 2158 4336 2222 4395; baseline 0 0"><span class='ocrx_word' id='word_1_204' title='bbox 2158 4336 2222 4395; x_wconf 73' lang='lat'>2*</span> 
     </span>
    </p>
   </div>
  </div>
 </body>
</html>
