<?xml version="1.0" encoding="UTF-8"?>
<!DOCTYPE html PUBLIC "-//W3C//DTD XHTML 1.0 Transitional//EN"
    "http://www.w3.org/TR/xhtml1/DTD/xhtml1-transitional.dtd">
<html xmlns="http://www.w3.org/1999/xhtml" xml:lang="en" lang="en">
 <head>
  <title>
</title>
<meta http-equiv="Content-Type" content="text/html;charset=utf-8" />
  <meta name='ocr-system' content='tesseract 3.04.00' />
  <meta name='ocr-capabilities' content='ocr_page ocr_carea ocr_par ocr_line ocrx_word'/>
</head>
<body>
  <div class='ocr_page' id='page_1' title='image "./deplutarchiinga01lezigoog_0007.png"; bbox 0 0 3084 4809; ppageno 0'>
   <div class='ocr_carea' id='block_1_1' title="bbox 116 2761 135 3092">
    <p class='ocr_par' dir='ltr' id='par_1_1' title="bbox 116 2761 135 3092">
     <span class='ocr_line' id='line_1_1' title="bbox 116 2761 135 3092; baseline 0 1717"><span class='ocrx_word' id='word_1_1' title='bbox 116 2761 135 3092; x_wconf 95' lang='lat' dir='ltr'> </span> 
     </span>
    </p>
   </div>
   <div class='ocr_carea' id='block_1_2' title="bbox 262 1575 2495 4074">
    <p class='ocr_par' dir='ltr' id='par_1_2' title="bbox 262 1575 2495 4074">
     <span class='ocr_line' id='line_1_2' title="bbox 466 1575 2487 1751; baseline -0.003 -16"><span class='ocrx_word' id='word_1_2' title='bbox 466 1575 882 1736; x_wconf 78' lang='lat' dir='ltr'>Accurate</span> <span class='ocrx_word' id='word_1_3' title='bbox 964 1661 1267 1745; x_wconf 91' lang='lat' dir='ltr'>definiri,</span> <span class='ocrx_word' id='word_1_4' title='bbox 1336 1681 1514 1751; x_wconf 88' lang='lat' dir='ltr'>quae</span> <span class='ocrx_word' id='word_1_5' title='bbox 1595 1660 1985 1731; x_wconf 77' lang='lat' dir='ltr'>intercedat</span> <span class='ocrx_word' id='word_1_6' title='bbox 2050 1660 2233 1731; x_wconf 88' lang='lat' dir='ltr'>ratio</span> <span class='ocrx_word' id='word_1_7' title='bbox 2303 1659 2487 1729; x_wconf 91' lang='lat' dir='ltr'>inter</span> 
     </span>
     <span class='ocr_line' id='line_1_3' title="bbox 270 1796 2489 1880; baseline -0.002 -12"><span class='ocrx_word' id='word_1_8' title='bbox 270 1798 504 1869; x_wconf 77' lang='lat' dir='ltr'>Taciti</span> <span class='ocrx_word' id='word_1_9' title='bbox 563 1799 730 1869; x_wconf 88' lang='lat' dir='ltr'>hist.</span> <span class='ocrx_word' id='word_1_10' title='bbox 786 1799 1054 1880; x_wconf 92' lang='lat' dir='ltr'>I—II,</span> <span class='ocrx_word' id='word_1_11' title='bbox 1114 1799 1208 1869; x_wconf 84' lang='lat'>50</span> <span class='ocrx_word' id='word_1_12' title='bbox 1275 1803 1346 1869; x_wconf 94' lang='lat' dir='ltr'>et</span> <span class='ocrx_word' id='word_1_13' title='bbox 1409 1797 1781 1869; x_wconf 80' lang='lat' dir='ltr'>Plutarchi</span> <span class='ocrx_word' id='word_1_14' title='bbox 1846 1797 2037 1869; x_wconf 88' lang='lat' dir='ltr'>vitas</span> <span class='ocrx_word' id='word_1_15' title='bbox 2091 1796 2363 1868; x_wconf 79' lang='lat' dir='ltr'>Galbae</span> <span class='ocrx_word' id='word_1_16' title='bbox 2417 1798 2489 1864; x_wconf 92' lang='lat' dir='ltr'>et</span> 
     </span>
     <span class='ocr_line' id='line_1_4' title="bbox 288 1931 2493 2024; baseline -0.001 -20"><span class='ocrx_word' id='word_1_17' title='bbox 288 1931 577 2004; x_wconf 88' lang='lat' dir='ltr'>Othonis</span> <span class='ocrx_word' id='word_1_18' title='bbox 595 1988 611 2018; x_wconf 95' lang='lat'>,</span> <span class='ocrx_word' id='word_1_19' title='bbox 683 1934 890 2005; x_wconf 84' lang='lat' dir='ltr'>unius</span> <span class='ocrx_word' id='word_1_20' title='bbox 945 1935 1280 2024; x_wconf 88' lang='lat' dir='ltr'>cuiusque</span> <span class='ocrx_word' id='word_1_21' title='bbox 1300 1987 1316 2017; x_wconf 91' lang='lat'>,</span> <span class='ocrx_word' id='word_1_22' title='bbox 1390 1934 1508 2023; x_wconf 92' lang='lat' dir='ltr'>qui</span> <span class='ocrx_word' id='word_1_23' title='bbox 1579 1933 1651 2003; x_wconf 91' lang='lat' dir='ltr'>in</span> <span class='ocrx_word' id='word_1_24' title='bbox 1703 1938 2019 2005; x_wconf 85' lang='lat' dir='ltr'>veterum</span> <span class='ocrx_word' id='word_1_25' title='bbox 2072 1931 2493 2021; x_wconf 90' lang='lat' dir='ltr'>scriptorum</span> 
     </span>
     <span class='ocr_line' id='line_1_5' title="bbox 282 2066 2489 2159; baseline 0 -21"><span class='ocrx_word' id='word_1_26' title='bbox 282 2066 584 2140; x_wconf 86' lang='lat' dir='ltr'>fontibus</span> <span class='ocrx_word' id='word_1_27' title='bbox 636 2070 1050 2159; x_wconf 84' lang='lat' dir='ltr'>indagandis</span> <span class='ocrx_word' id='word_1_28' title='bbox 1103 2075 1449 2154; x_wconf 87' lang='lat' dir='ltr'>versatur,</span> <span class='ocrx_word' id='word_1_29' title='bbox 1502 2070 1879 2159; x_wconf 90' lang='lat' dir='ltr'>plurimum</span> <span class='ocrx_word' id='word_1_30' title='bbox 1934 2070 2246 2140; x_wconf 90' lang='lat' dir='ltr'>interest.</span> <span class='ocrx_word' id='word_1_31' title='bbox 2356 2068 2489 2139; x_wconf 84' lang='grc' dir='ltr'>Το-</span> 
     </span>
     <span class='ocr_line' id='line_1_6' title="bbox 274 2204 2491 2278; baseline -0.001 -2"><span class='ocrx_word' id='word_1_32' title='bbox 274 2209 417 2276; x_wconf 90' lang='lat' dir='ltr'>tum</span> <span class='ocrx_word' id='word_1_33' title='bbox 468 2207 653 2277; x_wconf 91' lang='lat' dir='ltr'>enim</span> <span class='ocrx_word' id='word_1_34' title='bbox 706 2207 790 2277; x_wconf 91' lang='lat' dir='ltr'>de</span> <span class='ocrx_word' id='word_1_35' title='bbox 844 2207 988 2277; x_wconf 91' lang='lat' dir='ltr'>illis</span> <span class='ocrx_word' id='word_1_36' title='bbox 1041 2208 1311 2278; x_wconf 90' lang='lat' dir='ltr'>duobus</span> <span class='ocrx_word' id='word_1_37' title='bbox 1364 2207 1771 2278; x_wconf 90' lang='lat' dir='ltr'>auctoribus</span> <span class='ocrx_word' id='word_1_38' title='bbox 1826 2206 2163 2277; x_wconf 90' lang='lat' dir='ltr'>iudicium</span> <span class='ocrx_word' id='word_1_39' title='bbox 2217 2225 2303 2275; x_wconf 86' lang='lat' dir='ltr'>ex</span> <span class='ocrx_word' id='word_1_40' title='bbox 2355 2204 2491 2275; x_wconf 92' lang='lat' dir='ltr'>hac</span> 
     </span>
     <span class='ocr_line' id='line_1_7' title="bbox 273 2341 2487 2435; baseline -0.001 -22"><span class='ocrx_word' id='word_1_41' title='bbox 273 2362 590 2433; x_wconf 89' lang='lat' dir='ltr'>magnam</span> <span class='ocrx_word' id='word_1_42' title='bbox 659 2352 932 2435; x_wconf 89' lang='lat' dir='ltr'>partem</span> <span class='ocrx_word' id='word_1_43' title='bbox 1001 2345 1254 2433; x_wconf 84' lang='lat' dir='ltr'>pendet</span> <span class='ocrx_word' id='word_1_44' title='bbox 1333 2343 1760 2433; x_wconf 84' lang='lat' dir='ltr'>quaestione.</span> <span class='ocrx_word' id='word_1_45' title='bbox 1882 2343 2113 2432; x_wconf 87' lang='lat' dir='ltr'>Atque</span> <span class='ocrx_word' id='word_1_46' title='bbox 2194 2341 2487 2412; x_wconf 79' lang='lat' dir='ltr'>Tacitus</span> 
     </span>
     <span class='ocr_line' id='line_1_8' title="bbox 272 2477 2487 2571; baseline -0.001 -20"><span class='ocrx_word' id='word_1_47' title='bbox 272 2481 542 2569; x_wconf 90' lang='lat' dir='ltr'>quidem</span> <span class='ocrx_word' id='word_1_48' title='bbox 596 2482 1066 2571; x_wconf 90' lang='lat' dir='ltr'>quaerendum</span> <span class='ocrx_word' id='word_1_49' title='bbox 1120 2486 1227 2551; x_wconf 91' lang='lat' dir='ltr'>est</span> <span class='ocrx_word' id='word_1_50' title='bbox 1278 2486 1514 2551; x_wconf 90' lang='lat' dir='ltr'>utrum</span> <span class='ocrx_word' id='word_1_51' title='bbox 1558 2479 1921 2550; x_wconf 90' lang='lat' dir='ltr'>habendus</span> <span class='ocrx_word' id='word_1_52' title='bbox 1959 2478 2053 2548; x_wconf 90' lang='lat' dir='ltr'>sit</span> <span class='ocrx_word' id='word_1_53' title='bbox 2085 2477 2487 2561; x_wconf 79' lang='lat' dir='ltr'>historicUS,</span> 
     </span>
     <span class='ocr_line' id='line_1_9' title="bbox 278 2614 2487 2705; baseline 0 -20"><span class='ocrx_word' id='word_1_54' title='bbox 278 2615 392 2704; x_wconf 91' lang='lat' dir='ltr'>qui</span> <span class='ocrx_word' id='word_1_55' title='bbox 427 2617 720 2689; x_wconf 86' lang='lat' dir='ltr'>diversis</span> <span class='ocrx_word' id='word_1_56' title='bbox 757 2621 1123 2688; x_wconf 90' lang='lat' dir='ltr'>auctorum</span> <span class='ocrx_word' id='word_1_57' title='bbox 1157 2617 1621 2688; x_wconf 90' lang='lat' dir='ltr'>relationibus</span> <span class='ocrx_word' id='word_1_58' title='bbox 1664 2614 2024 2705; x_wconf 86' lang='lat' dir='ltr'>perpensis</span> <span class='ocrx_word' id='word_1_59' title='bbox 2064 2634 2188 2685; x_wconf 92' lang='lat' dir='ltr'>suo</span> <span class='ocrx_word' id='word_1_60' title='bbox 2227 2614 2487 2686; x_wconf 91' lang='lat' dir='ltr'>iudicio</span> 
     </span>
     <span class='ocr_line' id='line_1_10' title="bbox 276 2751 2489 2844; baseline 0 -23"><span class='ocrx_word' id='word_1_61' title='bbox 276 2757 342 2822; x_wconf 92' lang='lat' dir='ltr'>et</span> <span class='ocrx_word' id='word_1_62' title='bbox 388 2754 728 2843; x_wconf 87' lang='lat' dir='ltr'>peculiari</span> <span class='ocrx_word' id='word_1_63' title='bbox 783 2754 1059 2825; x_wconf 90' lang='lat' dir='ltr'>dicendi</span> <span class='ocrx_word' id='word_1_64' title='bbox 1113 2773 1366 2844; x_wconf 82' lang='lat' dir='ltr'>genere</span> <span class='ocrx_word' id='word_1_65' title='bbox 1418 2774 1531 2825; x_wconf 92' lang='lat' dir='ltr'>res</span> <span class='ocrx_word' id='word_1_66' title='bbox 1587 2759 1824 2843; x_wconf 88' lang='lat' dir='ltr'>gestas</span> <span class='ocrx_word' id='word_1_67' title='bbox 1879 2751 2340 2835; x_wconf 84' lang='lat' dir='ltr'>enarraverit,</span> <span class='ocrx_word' id='word_1_68' title='bbox 2397 2772 2489 2822; x_wconf 89' lang='lat' dir='ltr'>an</span> 
     </span>
     <span class='ocr_line' id='line_1_11' title="bbox 268 2888 2491 2980; baseline 0 -22"><span class='ocrx_word' id='word_1_69' title='bbox 268 2888 429 2961; x_wconf 89' lang='lat' dir='ltr'>libri</span> <span class='ocrx_word' id='word_1_70' title='bbox 509 2892 661 2961; x_wconf 92' lang='lat' dir='ltr'>eius</span> <span class='ocrx_word' id='word_1_71' title='bbox 737 2891 919 2961; x_wconf 90' lang='grc'>1111111</span> <span class='ocrx_word' id='word_1_72' title='bbox 997 2892 1194 2962; x_wconf 90' lang='lat' dir='ltr'>aliud</span> <span class='ocrx_word' id='word_1_73' title='bbox 1272 2892 1414 2962; x_wconf 90' lang='lat' dir='ltr'>sint</span> <span class='ocrx_word' id='word_1_74' title='bbox 1479 2892 1619 2961; x_wconf 91' lang='lat' dir='ltr'>nisi</span> <span class='ocrx_word' id='word_1_75' title='bbox 1690 2889 2110 2980; x_wconf 90' lang='lat' dir='ltr'>antiquioris</span> <span class='ocrx_word' id='word_1_76' title='bbox 2190 2889 2491 2959; x_wconf 90' lang='lat' dir='ltr'>alicuius</span> 
     </span>
     <span class='ocr_line' id='line_1_12' title="bbox 268 3026 2493 3120; baseline -0.001 -22"><span class='ocrx_word' id='word_1_77' title='bbox 268 3027 632 3119; x_wconf 91' lang='lat' dir='ltr'>scriptoris</span> <span class='ocrx_word' id='word_1_78' title='bbox 703 3049 874 3120; x_wconf 90' lang='lat' dir='ltr'>opus</span> <span class='ocrx_word' id='word_1_79' title='bbox 943 3030 1164 3099; x_wconf 91' lang='lat' dir='ltr'>denuo</span> <span class='ocrx_word' id='word_1_80' title='bbox 1222 3028 1425 3118; x_wconf 87' lang='lat' dir='ltr'>quasi</span> <span class='ocrx_word' id='word_1_81' title='bbox 1479 3028 1776 3112; x_wconf 90' lang='lat' dir='ltr'>editum,</span> <span class='ocrx_word' id='word_1_82' title='bbox 1832 3028 2006 3098; x_wconf 86' lang='lat' dir='ltr'>satis</span> <span class='ocrx_word' id='word_1_83' title='bbox 2062 3026 2493 3098; x_wconf 92' lang='lat' dir='ltr'>inconditum</span> 
     </span>
     <span class='ocr_line' id='line_1_13' title="bbox 264 3162 2493 3255; baseline -0 -21"><span class='ocrx_word' id='word_1_84' title='bbox 264 3169 332 3235; x_wconf 87' lang='lat' dir='ltr'>et</span> <span class='ocrx_word' id='word_1_85' title='bbox 383 3165 803 3255; x_wconf 91' lang='lat' dir='ltr'>impolitum,</span> <span class='ocrx_word' id='word_1_86' title='bbox 876 3186 962 3236; x_wconf 92' lang='lat' dir='ltr'>ne</span> <span class='ocrx_word' id='word_1_87' title='bbox 1016 3165 1291 3237; x_wconf 89' lang='lat' dir='ltr'>dicendi</span> <span class='ocrx_word' id='word_1_88' title='bbox 1346 3166 1625 3255; x_wconf 90' lang='lat' dir='ltr'>quidem</span> <span class='ocrx_word' id='word_1_89' title='bbox 1678 3184 1932 3254; x_wconf 86' lang='lat' dir='ltr'>genere</span> <span class='ocrx_word' id='word_1_90' title='bbox 1983 3162 2268 3252; x_wconf 92' lang='lat' dir='ltr'>proprio</span> <span class='ocrx_word' id='word_1_91' title='bbox 2309 3183 2493 3234; x_wconf 91' lang='lat' dir='ltr'>com-</span> 
     </span>
     <span class='ocr_line' id='line_1_14' title="bbox 262 3297 2492 3390; baseline -0.001 -19"><span class='ocrx_word' id='word_1_92' title='bbox 262 3301 592 3390; x_wconf 89' lang='lat' dir='ltr'>positum.</span> <span class='ocrx_word' id='word_1_93' title='bbox 698 3301 1123 3374; x_wconf 89' lang='lat' dir='ltr'>Plutarchus</span> <span class='ocrx_word' id='word_1_94' title='bbox 1192 3320 1464 3390; x_wconf 91' lang='lat' dir='ltr'>quoque</span> <span class='ocrx_word' id='word_1_95' title='bbox 1530 3320 1666 3389; x_wconf 88' lang='lat' dir='ltr'>qua</span> <span class='ocrx_word' id='word_1_96' title='bbox 1719 3297 1995 3370; x_wconf 87' lang='lat' dir='ltr'>ratione</span> <span class='ocrx_word' id='word_1_97' title='bbox 2048 3319 2216 3371; x_wconf 91' lang='lat' dir='ltr'>usus</span> <span class='ocrx_word' id='word_1_98' title='bbox 2272 3300 2367 3369; x_wconf 92' lang='lat' dir='ltr'>sit</span> <span class='ocrx_word' id='word_1_99' title='bbox 2419 3298 2492 3369; x_wconf 94' lang='lat' dir='ltr'>in</span> 
     </span>
     <span class='ocr_line' id='line_1_15' title="bbox 262 3436 2488 3526; baseline -0.001 -17"><span class='ocrx_word' id='word_1_100' title='bbox 262 3437 435 3509; x_wconf 87' lang='lat' dir='ltr'>vitis</span> <span class='ocrx_word' id='word_1_101' title='bbox 474 3439 1011 3522; x_wconf 90' lang='lat' dir='ltr'>conscribendis,</span> <span class='ocrx_word' id='word_1_102' title='bbox 1051 3459 1125 3508; x_wconf 93' lang='lat' dir='ltr'>re</span> <span class='ocrx_word' id='word_1_103' title='bbox 1163 3437 1289 3508; x_wconf 88' lang='lat' dir='ltr'>illa</span> <span class='ocrx_word' id='word_1_104' title='bbox 1325 3436 1698 3526; x_wconf 89' lang='lat' dir='ltr'>disquisita</span> <span class='ocrx_word' id='word_1_105' title='bbox 1733 3436 1944 3507; x_wconf 84' lang='lat' dir='ltr'>facile</span> <span class='ocrx_word' id='word_1_106' title='bbox 1982 3436 2488 3526; x_wconf 79' lang='lat' dir='ltr'>cognoscimus,</span> 
     </span>
     <span class='ocr_line' id='line_1_16' title="bbox 266 3573 2492 3663; baseline 0 -19"><span class='ocrx_word' id='word_1_107' title='bbox 266 3573 421 3658; x_wconf 81' lang='lat' dir='ltr'>Qua</span> <span class='ocrx_word' id='word_1_108' title='bbox 475 3594 554 3645; x_wconf 92' lang='lat' dir='ltr'>re</span> <span class='ocrx_word' id='word_1_109' title='bbox 624 3596 780 3646; x_wconf 90' lang='lat' dir='ltr'>cum</span> <span class='ocrx_word' id='word_1_110' title='bbox 834 3581 1044 3645; x_wconf 91' lang='lat' dir='ltr'>antea</span> <span class='ocrx_word' id='word_1_111' title='bbox 1097 3581 1248 3645; x_wconf 92' lang='lat' dir='ltr'>tum</span> <span class='ocrx_word' id='word_1_112' title='bbox 1314 3573 1654 3663; x_wconf 81' lang='lat' dir='ltr'>proximis</span> <span class='ocrx_word' id='word_1_113' title='bbox 1723 3573 1835 3644; x_wconf 88' lang='lat' dir='ltr'>his</span> <span class='ocrx_word' id='word_1_114' title='bbox 1907 3574 2109 3645; x_wconf 90' lang='lat' dir='ltr'>annis</span> <span class='ocrx_word' id='word_1_115' title='bbox 2178 3574 2492 3645; x_wconf 89' lang='lat' dir='ltr'>homines</span> 
     </span>
     <span class='ocr_line' id='line_1_17' title="bbox 266 3710 2490 3801; baseline 0 -20"><span class='ocrx_word' id='word_1_116' title='bbox 266 3710 455 3782; x_wconf 89' lang='lat' dir='ltr'>docti</span> <span class='ocrx_word' id='word_1_117' title='bbox 509 3710 583 3781; x_wconf 91' lang='lat' dir='ltr'>in</span> <span class='ocrx_word' id='word_1_118' title='bbox 635 3712 820 3783; x_wconf 88' lang='lat' dir='ltr'>hanc</span> <span class='ocrx_word' id='word_1_119' title='bbox 873 3732 1159 3783; x_wconf 89' lang='lat' dir='ltr'>causam</span> <span class='ocrx_word' id='word_1_120' title='bbox 1238 3710 1615 3801; x_wconf 89' lang='lat' dir='ltr'>diligenter</span> <span class='ocrx_word' id='word_1_121' title='bbox 1692 3710 2210 3800; x_wconf 90' lang='lat' dir='ltr'>inquisiverunt</span> <span class='ocrx_word' id='word_1_122' title='bbox 2262 3711 2490 3784; x_wconf 84' lang='lat' dir='ltr'>diver-</span> 
     </span>
     <span class='ocr_line' id='line_1_18' title="bbox 267 3847 2495 3938; baseline 0 -21"><span class='ocrx_word' id='word_1_123' title='bbox 267 3847 681 3937; x_wconf 89' lang='lat' dir='ltr'>sissimaque</span> <span class='ocrx_word' id='word_1_124' title='bbox 732 3854 1265 3938; x_wconf 89' lang='lat' dir='ltr'>proposuerunt.</span> <span class='ocrx_word' id='word_1_125' title='bbox 1372 3849 1625 3937; x_wconf 88' lang='lat' dir='ltr'>Itaque</span> <span class='ocrx_word' id='word_1_126' title='bbox 1677 3868 1957 3930; x_wconf 86' lang='lat' dir='ltr'>vereor,</span> <span class='ocrx_word' id='word_1_127' title='bbox 2011 3868 2099 3918; x_wconf 93' lang='lat' dir='ltr'>ne</span> <span class='ocrx_word' id='word_1_128' title='bbox 2152 3847 2495 3919; x_wconf 88' lang='lat' dir='ltr'>audaciae</span> 
     </span>
     <span class='ocr_line' id='line_1_19' title="bbox 268 3984 2494 4074; baseline 0.001 -21"><span class='ocrx_word' id='word_1_129' title='bbox 268 3985 530 4055; x_wconf 90' lang='lat' dir='ltr'>crimen</span> <span class='ocrx_word' id='word_1_130' title='bbox 584 3986 892 4068; x_wconf 89' lang='lat' dir='ltr'>subeam,</span> <span class='ocrx_word' id='word_1_131' title='bbox 949 3986 1133 4074; x_wconf 91' lang='lat' dir='ltr'>quod</span> <span class='ocrx_word' id='word_1_132' title='bbox 1183 4006 1332 4055; x_wconf 91' lang='lat' dir='ltr'>rem</span> <span class='ocrx_word' id='word_1_133' title='bbox 1385 4005 1592 4074; x_wconf 85' lang='lat' dir='ltr'>saepe</span> <span class='ocrx_word' id='word_1_134' title='bbox 1645 3984 1788 4055; x_wconf 84' lang='lat' dir='ltr'>iam</span> <span class='ocrx_word' id='word_1_135' title='bbox 1840 3989 2246 4068; x_wconf 88' lang='lat' dir='ltr'>tractatam,</span> <span class='ocrx_word' id='word_1_136' title='bbox 2285 4005 2494 4073; x_wconf 91' lang='lat' dir='ltr'>quam</span> 
     </span>
    </p>
   </div>
   <div class='ocr_carea' id='block_1_3' title="bbox 144 4121 2491 4212">
    <p class='ocr_par' dir='ltr' id='par_1_3' title="bbox 144 4121 2491 4212">
     <span class='ocr_line' id='line_1_20' title="bbox 144 4121 2491 4212; baseline 0.003 -28"><span class='ocrx_word' id='word_1_137' title='bbox 144 4141 151 4184; x_wconf 68' lang='grc' dir='ltr'>ι</span> <span class='ocrx_word' id='word_1_138' title='bbox 264 4121 471 4192; x_wconf 87' lang='lat' dir='ltr'>multi</span> <span class='ocrx_word' id='word_1_139' title='bbox 524 4121 921 4192; x_wconf 89' lang='lat' dir='ltr'>absolutam</span> <span class='ocrx_word' id='word_1_140' title='bbox 971 4126 1244 4211; x_wconf 90' lang='lat' dir='ltr'>putant,</span> <span class='ocrx_word' id='word_1_141' title='bbox 1284 4122 1539 4192; x_wconf 90' lang='lat' dir='ltr'>iterum</span> <span class='ocrx_word' id='word_1_142' title='bbox 1589 4126 1975 4193; x_wconf 89' lang='lat' dir='ltr'>retractare</span> <span class='ocrx_word' id='word_1_143' title='bbox 2011 4122 2256 4205; x_wconf 88' lang='lat' dir='ltr'>aude0,</span> <span class='ocrx_word' id='word_1_144' title='bbox 2292 4142 2491 4212; x_wconf 91' lang='lat' dir='ltr'>prae-</span> 
     </span>
    </p>
   </div>
   <div class='ocr_carea' id='block_1_4' title="bbox 266 4258 2491 4450">
    <p class='ocr_par' dir='ltr' id='par_1_4' title="bbox 266 4258 2491 4450">
     <span class='ocr_line' id='line_1_21' title="bbox 266 4258 2491 4337; baseline 0.001 -10"><span class='ocrx_word' id='word_1_145' title='bbox 266 4258 508 4329; x_wconf 84' lang='lat' dir='ltr'>sertim</span> <span class='ocrx_word' id='word_1_146' title='bbox 563 4278 719 4328; x_wconf 94' lang='lat' dir='ltr'>cum</span> <span class='ocrx_word' id='word_1_147' title='bbox 774 4258 1087 4329; x_wconf 89' lang='lat' dir='ltr'>homines</span> <span class='ocrx_word' id='word_1_148' title='bbox 1126 4259 1431 4329; x_wconf 91' lang='lat' dir='ltr'>omnium</span> <span class='ocrx_word' id='word_1_149' title='bbox 1468 4259 1856 4330; x_wconf 87' lang='lat' dir='ltr'>doctissimi</span> <span class='ocrx_word' id='word_1_150' title='bbox 1892 4259 2197 4337; x_wconf 84' lang='lat' dir='ltr'>maxima</span> <span class='ocrx_word' id='word_1_151' title='bbox 2231 4258 2491 4331; x_wconf 88' lang='lat' dir='ltr'>fiducia</span> 
     </span>
     <span class='ocr_line' id='line_1_22' title="bbox 2091 4391 2118 4450; baseline 0 -2"><span class='ocrx_word' id='word_1_152' title='bbox 2091 4391 2118 4450; x_wconf 82' lang='lat'>1</span> 
     </span>
    </p>
   </div>
   <div class='ocr_carea' id='block_1_5' title="bbox 1066 4547 1527 4649">
    <p class='ocr_par' dir='ltr' id='par_1_5' title="bbox 1066 4547 1527 4649">
     <span class='ocr_line' id='line_1_23' title="bbox 1066 4547 1527 4649; baseline -0.03 0"><span class='ocrx_word' id='word_1_153' title='bbox 1066 4547 1527 4649; x_wconf 46' lang='lat' dir='ltr'>‘wassoi</span> 
     </span>
    </p>
   </div>
  </div>
 </body>
</html>
