3084 4809
300 290 373 362 Ο.
433 291 500 374 5,
557 311 708 365 6-0.
2425 291 2519 362 95

292 495 700 585 diligentius
754 502 1113 579 memorat,
1170 499 1326 568 cum
1377 498 1849 587 praetorianis
1870 518 2058 569 ³eum
2121 502 2520 587 suspectum

292 633 506 704 fuisse
559 633 755 704 dicit.
861 634 1197 705 Fortasse
1236 656 1323 706 ex
1358 636 1501 706 alio
1550 635 1745 708 fonte
1766 630 1824 733 ¹)
1859 637 1995 706 hoc
2028 637 2360 708 haustum
2395 640 2522 717 est,

294 772 413 842 sed
463 775 696 861 potest
731 776 984 872 ,tamen
1037 793 1188 843 esse
1219 773 1796 866 *additamentum
1856 773 2078 866 ipsius
2130 773 2522 848 Plutarchi.

298 907 640 982 Othonem
651 908 842 980 enim
861 909 1245 982 ludibrium
1263 909 1482 982 fuisse
1502 910 1805 984 militum
1835 931 1924 982 οΧ
1946 915 2100 983 tota
2117 910 2525 984 narratione

297 1043 588 1117 Tacitea
624 1052 941 1135 apparet.
1023 1046 1268 1118 Adicit
1293 1047 1723 1127 Plutarchus
1753 1047 2098 1119 Othonem
2139 1055 2265 1119 aut
2299 1049 2525 1138 ipsum

296 1184 737 1256 Dolabellam
766 1189 892 1255 aut
919 1184 1138 1259 alium
1168 1205 1370 1274 quem
1397 1184 1739 1300 timuisse,
1771 1205 1929 1257 cum
1956 1206 2111 1256 eum
2141 1186 2524 1276 relegaret3

296 1320 422 1392 hoc
466 1341 610 1392 non
658 1337 817 1392 cum
864 1319 1192 1392 Nissenio
1238 1314 1339 1418 (p.
1383 1315 1566 1416 506)
1613 1293 1701 1392 οΧ
1735 1320 1928 1392 fonte
1965 1327 2370 1412 excerptum
2406 1323 2527 1396 sed

296 1479 373 1529 ex
422 1458 653 1549 ipsius
708 1458 990 1549 ingenio
1045 1465 1289 1531 natum
1325 1458 1762 1530 crediderim.
1853 1458 2010 1530 Hoc
2057 1442 2336 1550 quidem
2371 1460 2526 1530 loco

300 1617 493 1668 sensu
533 1601 771 1669 caret:
811 1602 999 1668 certe
1036 1597 1220 1668 enim
1259 1596 1447 1669 Otho
1481 1596 1928 1668 Dolabellam
1973 1597 2303 1687 seposuit,
2342 1598 2530 1688 quod

280 1717 537 1824 ipsum,
575 1754 721 1805 non
757 1735 943 1823 quod
978 1733 1196 1805 alium
1232 1735 1612 1805 metuebat.
1669 1734 1866 1805 Fieri
1889 1739 2140 1823 potest,
2178 1739 2260 1805 ut
2296 1734 2530 1806 Taciti

315 1872 527 1943 verbis
584 1874 1077 1966 propinquitate
1146 1868 1387 1942 Galbae
1451 1871 1799 1941 adductus
1862 1870 1980 1941 sit.
2098 1871 2528 1943 Plutarchus

317 2005 555 2079 incerte
615 2011 686 2077 et
738 2007 942 2097 quasi
996 2008 1270 2079 occulte
1320 2027 1434 2078 res
1488 2006 1893 2097 significare
1944 2028 2083 2078 non
2134 2013 2349 2092 amat,
2406 2010 2528 2081 sed

301 2143 840 2235 simplicioribus
891 2145 1122 2215 utitur
1172 2145 1411 2217 verbis
1466 2149 1538 2215 et
1590 2144 2032 2216 clarioribus,

293 2303 370 2354 1.·
410 2287 549 2353 6--
569 2281 616 2353 8
687 2280 1059 2375 καταλέγων
1137 2279 1211 2349 δὲ
1314 2302 1372 2352 0.
1432 2284 1553 2366 88,
1591 2286 1639 2352 4
1674 2283 1908 2353 multos
1943 2304 1981 2353 0
2011 2280 2526 2379 magistratibuS,

293 2425 418 2487 τῶν
456 2417 528 2486 ἐν
563 2417 741 2487 τέλει
775 2417 1215 2513 συνεκδήμους
1311 2439 1625 2512 magnam
1637 2419 2074 2489 consularium
2085 2423 2342 2513 partem
2369 2417 2528 2490 0th

296 2552 514 2634 ἔταξεν
544 2553 615 2623 ἐν
639 2555 891 2631 τούτοις
917 2554 1022 2624 καὶ
1048 2551 1215 2623 Λεύ-
1308 2573 1437 2624 non
1465 2557 1821 2649 participes
1852 2559 1973 2626 aut
2002 2560 2332 2628 ministros
2366 2555 2530 2628 bello

294 2717 420 2762 κιον
453 2692 567 2761 τὸν
605 2684 978 2762 Οὐιτελλίου
1022 2689 1210 2761 ἀδελ·
1306 2690 1730 2763 εοάοοηῑὲί1ιφη
1768 2698 1976 2787 speeie
2009 2715 2221 2766 secum
2237 2695 2534 2789 empedz‘rz’

294 2830 429 2924 φόν,
486 2826 638 2898 οὔτε
670 2826 985 2925 προσθεὶς
1022 2826 1209 2898 οὐδὲν
1275 2827 1510 2915 ·2'ubet,·
1525 2836 1595 2900 z’u
1618 2837 1768 2927 quis
1791 2836 1854 2903 et
1875 2831 1947 2904 L.
1984 2830 2296 2904 Vitellium
2317 2824 2530 2906 eodem

291 2965 439 3037 οὔτε
536 2963 805 3059 ἀφελὼν
878 2966 965 3061 ἧς
1066 2964 1206 3059 εἶχε
1304 2987 1429 3060 quo
1479 2971 1719 3039 ceteros
1752 2957 1952 3060 mlta,
1989 2992 2104 3041 uec
2142 2971 2529 3064 011171ρονο-

290 3111 489 3200 τιμῆς.
661 3144 670 3152 ν
737 3123 742 3129 ’
1304 3107 1461 3173 toris
1501 3105 1779 3198 fratrem
1810 3115 1937 3177 uec'
1979 3110 2054 3177 ut
2102 3085 2323 3179 leo-stis.

289 3241 485 3327 Quae
523 3258 745 3329 paene
782 3241 872 3310 ad
908 3240 1202 3313 verbum
1242 3246 1663 3329 congruunt,-
1697 3241 1836 3312 nisi
1872 3244 2056 3333 quod
2103 3243 2529 3316 Plutarchus

284 3384 681 3450 extremam
736 3377 1157 3448 sententiam
1210 3377 1501 3449 mutatis
1548 3375 1913 3468 exprimit-
1953 3381 2214 3454 verbis.
2335 3384 2532 3467 Quae

502 3630 572 3697 1)ι
623 3628 717 3683 Ita
758 3627 1039 3682 Krauss
1080 3644 1134 3698 p.
1180 3628 1228 3682 7.
1275 3627 1540 3686 Nissen
1582 3645 1637 3700 Ρ.
1683 3630 1787 3685 518
1821 3629 2092 3685 Tacitum
2124 3632 2378 3689 militum
2412 3652 2533 3689 non

286 3714 510 3771 fecisse
556 3707 917 3770 mentionem
949 3718 1135 3784 putat,
1168 3715 1246 3767 ut'
1281 3730 1485 3770 eorum
1528 3714 1592 3768 in
1639 3709 1944 3771 senatores
1995 3716 2255 3774 furorem
2298 3721 2534 3777 celaret.

283 3802 461 3860 Haec
504 3799 768 3858 Nissenii
809 3799 1112 3855 sententia
1155 3817 1290 3854 cum
1324 3799 1594 3855 doctrina
1631 3801 1758 3856 eius
1794 3802 2086 3873 cohaeret,
2124 3822 2253 3876 qua
2276 3805 2533 3877 Tacitus,

291 3904 427 3941 cum
453 3903 824 3942 communem
852 3892 1153 3940 auctorem
1179 3886 1556 3957 exscriberet,
1591 3887 1789 3942 omnia
1813 3888 2112 3961 deleverit,
2147 3892 2305 3947 unde
2336 3892 2532 3948 inimi-

292 3972 435 4027 c'itia
469 3971 624 4027 inter
657 3977 932 4026 senatum
959 3976 1020 4027 et
1039 3970 1274 4043 plebem
1304 3972 1640 4044 militesque
1665 3975 2020 4030 cerneretur.
2080 3976 2198 4032 Sed
2223 3995 2357 4032 cum
2390 3978 2535 4034 haec

291 4058 566 4113 Nissenii
591 4058 890 4116 sententia
924 4076 960 4113 a
1000 4057 1351 4128 Beckurtsio
1387 4077 1443 4130 p
1488 4059 1558 4114 39
1593 4076 1678 4130 sq,
1719 4061 1865 4118 satis
1899 4061 2157 4124 refutata
2180 4063 2274 4135 sit,
2308 4079 2386 4120 ne
2420 4064 2535 4120 hoc

295 4144 534 4215 quidem
568 4144 696 4200 loco
733 4143 881 4198 illud
917 4145 1334 4214 argumentum
1368 4144 1511 4199 ferri
1532 4150 1747 4236 potest.
1820 4147 1935 4202 Gur
1966 4148 2206 4203 Tacitus
2230 4149 2386 4206 hanc
2407 4168 2533 4246 rem

293 4247 410 4286 non
444 4221 851 4285 incredibilem
886 4227 1153 4285 omiserit
1185 4247 1307 4285 non
1350 4229 1608 4302 liquet.
