3084 4809
79 299 82 307 '
309 296 391 365 G.
452 297 568 380 29,
622 313 771 367 1—5.
2453 300 2544 372 71

72 304 88 667 j
304 501 496 574 facta
549 503 693 575 sint
745 524 905 575 cum
959 502 1312 593 capitibus
1348 503 1544 574 Vinii
1600 510 1672 575 et
1722 503 2005 576 Pisonis
2059 503 2419 586 discernit,
2476 508 2549 575 et

308 640 582 730 singula
636 646 862 723 curat,
919 660 1101 731 quae
1155 660 1314 712 cum
1368 641 1645 713 Gal-bae
1697 640 1932 731 capite
1982 641 2179 713 facta
2230 640 2402 723 sint,
2456 659 2548 711 ae

72 736 101 863 ,ᾗ
310 778 491 849 solus
547 778 869 850 Helvidii
923 777 1102 849 facit
1153 777 1598 849 mentionem.
1708 779 1973 850 Contra
2026 777 2322 850 Tacitus
2360 777 2545 848 Scri-

70 770 102 1099 ,
311 914 684 985 bonianum
739 892 1304 1005 Crispinamque'·
1328 916 1666 997 nominat,
1737 914 1995 1005 capitis
2049 914 2387 988 Galbiani
2416 928 2547 984 ‘se-2

306 1052 658 1142 pulturam
729 1057 1228 1123 commemorat
1247 1103 1265 1136 ,
1321 1052 1625 1141 Argium
1688 1052 2104 1142 diligentius
2166 1051 2545 1142 significat.

309 1190 548 1280 Itaque
617 1189 1051 1261 Plutarchus
1118 1190 1254 1261 hoc
1317 1190 1472 1260 loco
1544 1194 1672 1260 aut
1724 1190 2002 1260 omnino
2056 1188 2201 1260 alio
2254 1196 2549 1261 auctore

311 1346 463 1398 usus
533 1332 650 1397 est
713 1346 800 1398 ac
863 1327 1148 1410 Tacito,
1220 1332 1347 1398 aut
1413 1327 1664 1398 saltem
1725 1330 2011 1415 praeter
2075 1326 2263 1396 hunc
2324 1325 2544 1396 alium

316 1462 644 1536 adhibuit.
715 1462 892 1548 'Qui
958 1484 1100 1535 non
1165 1463 1351 1534 idem
1417 1463 1595 1547 fuit,
1647 1482 1784 1554 quo
1838 1462 2138 1536 Tacitus
2186 1477 2358 1533 usus
2412 1468 2547 1553 est..

318 1600 551 1672 Mirum
614 1600 799 1671 enim
860 1605 987 1683 est,
1046 1602 1232 1691 quod
1283 1600 1432 1684 hic,
1488 1601 1612 1691 qui
1664 1601 1923 1691 ubique
1977 1598 2293 1673 Helvidii
2348 1619 2543 1670 acer-

323 1735 505 1810 rimus
576 1736 676 1808 sit
742 1738 1075 1809 laudator
1138 1732 1265 1834 (cf.
1321 1737 1390 1809 h.
1448 1738 1574 1821 IV,
1644 1741 1687 1808 5
1757 1731 1899 1833 sq.)
1971 1756 2268 1827 eumque
2332 1756 2540 1828 quam

341 1875 597 1946 maxime
676 1872 759 1962 ‚iit
833 1874 1063 1946 lucem
1140 1873 1492 1963 proferat,
1566 1874 1700 1945 hoc
1765 1874 1917 1945 eius
1988 1873 2273 1945 facinus
2335 1873 2543 1963 plane

347 2010 633 2102 neglegit.
745 2008 824 2081 Si
870 2018 1182 2101 *uterque
1250 2009 1556 2099 scriptor
1607 2011 1901 2081 eundem
1965 2010 2233 2082 fontem
2283 2010 2541 2099 prima-

329 2144 472 2218 rium
521 2147 768 2237 elegit,
824 2147 1006 2218 nihil
1057 2153 1185 2231 est,
1242 2148 1427 2237 quod
1462 2147 1599 2218 hoc
1636 2146 1974 2219 omiserit.
2084 2148 2339 2238 Itaque
2373 2148 2541 2218 hinc

317 2284 775 2367 concluserim,
834 2302 954 2356 eos
1007 2283 1291 2355 minime
1344 2304 1511 2356 usos
1553 2304 1706 2355 esse
1743 2304 1880 2356 uno
1919 2290 1992 2356 et
2028 2285 2268 2355 eodem
2320 2283 2534 2367 fonte,

310 2422 410 2493 sed
456 2421 928 2494 Plutarchum
980 2441 1025 2492 a
1062 2417 1408 2510 scriptore
1461 2421 1536 2491 id
1590 2421 1939 2504 hausisse,
1988 2440 2192 2511 quem
2245 2420 2542 2495 Tacitus

306 2577 424 2629 non
477 2564 892 2649 sequeretur
942 2557 1170 2647 primo
1223 2558 1401 2629 loco.
2316 2569 2321 2573 ’

491 2698 664 2785 Cap.
722 2696 1007 2779 XXIX,
1065 2696 1250 2786 quod
1304 2695 1686 2767 Plutarchi
1738 2696 1826 2766 de.
1880 2696 2113 2768 Galba
2166 2624 2541 2786 cogitatio-

296 2833 492 2906 nibus
552 2838 854 2915 constat,
910 2837 1274 2903 extentum
1328 2821 1613 2905 videtur
1664 2852 1755 2903 ex
1809 2833 1982 2904 Tac.
2040 2853 2101 2903 c.
2161 2833 2300 2903 49.

289 2972 586 3041 v.1-3
615 2968 976 3039 τοιαῦτατὰ
1002 2968 1291 3039 κατὰτὸν
1320 2965 1606 3066 Γάλβαν,
1709 2990 1777 3040 c.
1847 2971 1943 3041 49
1964 3023 1989 3054 ,.
2052 2971 2092 3040 7
2162 2992 2265 3060 sq.
2371 2968 2544 3042 hunc

287 3103 489 3202 ἄνδρα
581 3106 750 3202 μήτε
841 3105 1010 3199 γένει
1090 3107 1260 3202 μήτε
1338 3104 1607 3200 πλούτῳ
1717 3110 1959 3176 emitum
2056 3104 2289 3178 habuit
2368 3106 2538 3177 Sere

284 3241 546 3312 πολλῶν
657 3241 1144 3337 ἀπολειφθέντα
1235 3236 1609 3333 Ῥωμαίων,
1717 3248 1881 3312 υἱειεὶ
1919 3241 2124 3315 Galba
2176 3292 2195 3313 ,ι
2232 3297 2250 3314 .
2294 3295 2309 3311 .
2361 3246 2539 3315 vetus

285 3381 448 3471 ὁμοῦ
531 3378 604 3449 δὲ
681 3379 944 3475 πλούτῳ
1023 3380 1126 3449 καὶ
1194 3380 1363 3474 γένει
1431 3403 1612 3476 πρω-
1718 3384 1787 3449 in
1856 3379 2119 3474 familia
2209 3377 2536 3469 mbilitas,

280 3516 604 3587 τεὺσαντα
656 3517 919 3586 πάντων
971 3525 1104 3586 τῶν
1158 3512 1298 3586 καθ’
1359 3518 1569 3587 αὑτόν.
1722 3528 2005 3613 magnae
2057 3538 2227 3609 ope&

485 3654 935 3737 PlutarchuS,
989 3658 1070 3725 ut
1124 3658 1234 3725 est
1284 3659 1547 3725 natur-a
1585 3653 1978 3745 loquacior,
2031 3654 2218 3727 hanc
2267 3667 2415 3726 rem
2468 3658 2539 3723 et

274 3809 404 3877 per
463 3791 912 3881 negationem
967 3798 1038 3861 et
1089 3811 1216 3880 per
1265 3790 1690 3880 positionem
1743 3791 2099 3880 exprimit.

277 3947 351 3997 v.
410 3927 604 3998 4-5
658 3928 852 3997 πέντε
905 3925 1397 4023 αὐτοκρατόρων
1449 3929 1610 4025 ἡγε-
1716 3949 1776 3999 c.
1810 3928 1927 4011 49,
1961 3932 2005 3998 8
2043 3932 2322 4022 quinque
2342 3932 2534 4019 prin-

282 4064 528 4153 μανίαις
581 4060 998 4161 ἐμβιώσαντα
1051 4063 1217 4156 μετὰ
1267 4069 1457 4159 τιμῆς
1507 4065 1610 4133 καὶ
1689 4071 1885 4158 -cz’pes
1910 4084 2235 4158 prospera
2262 4064 2532 4155 fortuna

284 4195 493 4297 δόξης.
1187 4264 1191 4271 .
1711 4223 2022 4273 emensae.
