3084 4809
555 348 706 419 154
2092 449 2097 455 Ι
2281 348 2363 421 0.
2423 349 2542 431 13,
2598 366 2787 423 6—43.

537 558 843 643 poterat,
913 560 1108 627 reete
1175 556 1525 632 intellexit
1589 563 1655 630 et
1718 556 2000 647 planius
2055 557 2307 630 Tacito
2363 556 2788 632 Bedriacum

539 692 860 766 nominat
925 694 1006 765 Ο.
1071 698 1188 777 12;
1248 695 1339 766 39
1398 692 1857 791 στρατόπεδον,
1910 694 1992 768 O.
2060 695 2170 778 13,
2228 696 2275 767 4
2330 693 2397 764 ἐν
2446 699 2534 788 τῇ
2585 691 2794 777 πόλει,

537 851 604 902 V.
685 832 776 900 22
855 824 1239 928 Βητριακόν,
1320 854 1387 904 v.
1474 834 1571 904 34
1650 825 2039 927 Βητριακόν,
2122 832 2242 903 Sed
2321 830 2503 907 male
2581 828 2792 917 πόλιν,

537 987 677 1039 non
755 970 993 1041 vicum
1073 971 1405 1059 appellat.
1478 1009 1578 1022 --
1660 971 1915 1060 Itaque
1986 970 2330 1058 hacteuus
2409 990 2547 1040 non
2611 975 2795 1052 erat,

540 1106 729 1196 quod
836 1106 1174 1178 Tacitum·
1268 1107 1640 1180 Plutarchi
1756 1113 2116 1181 auetorem
2221 1127 2373 1178 esse
2475 1105 2797 1196 potuisse

535 1263 976 1333 negaremus,

741 1382 998 1464 Cetera
1051 1383 1308 1472 eapitis
1343 1404 1510 1473 pars
1546 1383 1835 1455 aliunde
1872 1388 2152 1472 sumpta
2187 1387 2317 1468 est.
2407 1403 2475 1454 v.
2537 1382 2795 1452 6--43

542 1511 796 1614 Μοίριος
849 1516 922 1587 δὲ
974 1513 1236 1595 Κέλσος
1285 1519 1435 1597 τοὺς
1487 1519 1558 1589 ἐν
1610 1519 1780 1594 τέλει
1814 1522 2229 1614 ,συναγαγὼν
2284 1517 2595 1592 ἐκέλευσε
2648 1543 2800 1592 om..

540 1659 686 1725 πεῖν
735 1656 807 1727 τὸ
862 1657 1084 1741 κοινόν,
1122 1660 1216 1732 ὥς
1255 1656 1360 1728 ἐπὶ
1397 1664 1708 1753 συμφορᾷ
1741 1657 2097 1754 τηλικαύτῃ
2134 1656 2240 1746 καὶ
2278 1657 2461 1752 φόνῳ
2496 1656 2794 1752 τοσούτῳ

536 1793 819 1863 πολιτῶν
860 1792 1033 1890 μηδὲ
1068 1787 1383 1880 Ὄθωνος,
1422 1793 1610 1893 εἴπερ
1647 1795 1812 1891 ἀνὴρ
1853 1793 2105 1890 ἀγαθός
2140 1794 2328 1880 ἐστιν,
2357 1792 2786 1889 ἐθελήσοντος

539 1929 630 2001 ἔτι
684 1928 1036 2028 πειρᾶσθαι
1103 1938 1223 2028 τῆς
1292 1931 1518 2029 τύχης,
1590 1934 1757 2004 ὅπου
1824 1934 1930 2003 καὶ
1984 1927 2227 2022 Κάτων
2300 1932 2407 2010 καὶ
2483 1927 2793 2027 Σκηπίων

509 2101 510 2104 “
540 2063 828 2164 Καίσαρι
854 2074 1190 2166 κρατοῦντι
1226 2070 1392 2162 μετὰ
1429 2066 1776 2167 Φάρσαλον
1816 2069 1976 2149 εἶξαι
2013 2069 2106 2165 μὴ
2136 2068 2553 2165 θελήσαντες
2586 2070 2798 2140 αἰτίαν

540 2204 818 2301 ἔχουσιν,
872 2211 967 2283 ὥς
1019 2206 1301 2284 πολλοὺς
1342 2208 1448 2277 καὶ
1498 2206 1792 2303 ἀγαθοὺς
1846 2206 2085 2303 ἄνδρας
2137 2207 2205 2277 ἐν
2243 2204 2461 2303 Λιβύῃ
2498 2231 2799 2303 παρανα-

536 2343 877 2420 λώσαντες
957 2345 1069 2416 οὐκ
1148 2345 1532 2439 ἀναγκαίως,
1580 2348 1831 2443 καίπερ
1914 2343 2374 2439 ἀγωνιζόμενοι
2451 2345 2606 2440 περὶ
2676 2350 2800 2440 τῆς

449 2491 459 2503 ’
527 2477 872 2574 Ῥωμαίων
918 2480 1318 2580 ἐλευθερίας.
1396 2482 1479 2553 τὰ
1512 2482 1635 2579 γὰρ
1674 2481 1844 2553 ἄλλα
1880 2481 2094 2578 κοινὴν
2122 2485 2169 2579 ή
2209 2481 2380 2579 τύχη
2396 2482 2800 2579 ,παρέχουσα

541 2624 731 2692 πᾶσιν
760 2620 999 2716 ἑαυτὴν
1026 2618 1094 2690 ἓν
1122 2621 1240 2691 οὐκ
1275 2621 1647 2717 ἀφαιρεῖται
1682 2629 1814 2707 τῶν
1841 2617 2136 2716 ἀγαθῶν,
2173 2621 2245 2691 τὸ
2280 2619 2398 2691 κᾶν
2434 2621 2798 2704 πταίσωσιν

541 2756 933 2852 εὐλογιστεῖν
996 2758 1160 2856 πρὸς
1226 2758 1308 2828 τὰ
1375 2737 1923 2853 συντυγχάνοντα.
2028 2762 2232 2828 ταῦτα
2298 2758 2509 2853 λέγων
2564 2754 2800 2830 ἔπειθε

539 2894 692 2973 τοὺς
768 2896 1210 2991 ἡγεμονικούς.
1338 2895 1482 2968 ἐπεὶ
1564 2895 1638 2966 δὲ
1701 2898 2099 2992 πειρώμενοι
2175 2895 2325 2971 τοὺς
2394 2895 2803 2991 στρατιώτας

546 3035 778 3129 ἑώρων
836 3035 1095 3130 εἰρήνης
1149 3033 1520 3127 δεομένους,
1578 3033 1683 3104 καὶ
1739 3028 2028 3111 Τιτιανὸς
2082 3033 2344 3104 ἐκέλευε
2409 3029 2802 3129 πρεσβεύειν

545 3168 707 3266 ὑπὲρ
747 3172 1072 3263 ὁμονοίας,
1124 3170 1305 3250 ἔδοξε
1341 3167 1589 3268 Κέλσῳ
1627 3172 1733 3271 καί
1762 3167 2009 3267 Γάλλῳ
2051 3169 2332 3270 βαδίζειν
2365 3169 2471 3242 καὶ
2506 3168 2803 3264 διαλέγε-

549 3305 708 3378 σθαι
769 3314 914 3384 τοῖς,
971 3309 1120 3406 περὶ
1185 3309 1291 3379 τὸν
1361 3303 1641 3380 Κεκίναν
1707 3310 1814 3379 καὶ
1856 3302 2227 3382 :Oenea-ca.
2286 3304 2669 3406 ῑβᾳὸίζουσι
2726 3304 2807 3378 δὲ

548 3445 764 3522 αὐτοῖς
816 3445 1201 3541 ἀπήντησαν
1256 3448 1720 3542 ἑκατοντάρχαι
1754 3446 1872 3541 τὴν
1911 3443 2031 3539 μὲν
2068 3444 2339 3538 δύναμιν
2372 3442 2507 3541 ἤδη
2546 3467 2799 3542 κεκινη-

547 3582 749 3678 μένην
803 3582 1099 3676 λέγοντες
1151 3583 1516 3681 ἐρχομένην
1571 3582 1681 3653 ἐπὶ
1729 3585 1803 3655 τὸ
1857 3578 2240 3680 Βητριακόν,
2292 3582 2475 3653 αὐτοὶ
2541 3578 2617 3652 δὲ
2671 3581 2805 3662 ὑπὸ

547 3726 679 3789 τῶν
748 3728 1130 3817 στρατηγῶν
1204 3718 1616 3791 ἀπεστάλθαι
1682 3722 1832 3817 περὶ
1905 3722 2226 3814 ὁμονοίας.
2346 3719 2810 3796 ἐπαινέσαντες

553 3855 664 3927 οὖν
720 3855 778 3928 οἱ
845 3859 996 3956 περὶ
1059 3859 1167 3929 τὸν
1240 3855 1496 3930 Κέλσον
1562 3858 1933 3930 ἐκέλευσαν-
1984 3857 2220 3934 αὐτοὺς
2272 3856 2810 3953 ἀναστρέψαντας

547 3994 740 4065 πάλιν
803 3996 1092 4068 ἀπαντᾶν
1146 3994 1277 4090 μετ’
1339 3997 1555 4068 αὐτῶν
1606 4001 1736 4073 τοῖς
1785 3997 1937 4095 περὶ
1988 3997 2096 4066 τὸν
2152 3991 2451 4090 Κεκίναν.
2540 3994 2686 4064 ἐπεὶ
2720 3991 2810 4063 δὲ

551 4131 738 4226 ἐγγὺς
790 4132 981 4227 ἦσαν,
1037 4133 1475 4205 ἐκινδύνευσεν
1526 4138 1560 4205 ὅ
1598 4130 1879 4211 Κέλσος.
1970 4132 2201 4228 ἔτυχον
2240 4132 2361 4229 γὰρ
2401 4128 2459 4201 οἱ
2494 4130 2641 4228 περὶ
2673 4129 2809 4225 τὴν

554 4266 820 4372 ἐνέδραν
856 4270 1210 4368 ἡττημένοι
1260 4273 1573 4370 πρότερον
1613 4270 1826 4352 ἱππεῖς
1859 4269 2464 4376 προεξελαύνοντες.
2553 4272 2644 4350 ὡς
2678 4264 2812 4340 οὖν
