3084 4809
1912 311 1958 337 ³⁴
2027 343 2041 353 ⁴
2121 369 2128 376 ·
2217 306 2773 423 {zt‘z‘yisszzfzh

290 507 444 579 iam
504 509 641 580 diu
693 508 1007 581 refutata
1059 513 1129 580 et
1182 509 1462 581 abiecta
1498 513 1624 579 est.
1698 509 1887 579 Idem
1928 505 2190 578 accidit
2225 506 2549 578 Wiede-

296 668 365 717 m
385 668 433 716 a
451 667 504 718 n
522 667 575 718 n
602 668 643 717 o
681 641 738 743 ¹)
756 699 773 729 ‚
845 647 998 737 qui,
1069 667 1222 726 cum
1303 645 1738 735 argumentis
1815 664 2258 736 nequaquam
2339 643 2553 716 certis

297 784 500 856 nisus
555 768 893 858 Tacitum
945 783 1020 855 in
1074 783 1306 855 Galba
1356 783 1689 867 Plinium,
1727 782 2184 854 Plutarchum
2236 781 2548 854 Plinium

294 926 389 1006 ,etf
425 921 771 993 Cluvium
788 974 804 1004 ,
863 920 1271 1008 Suetonium
1334 941 1543 992 unum
1603 920 1930 993 Cluvium
1982 919 2419 1004 adhibuisse,
2474 920 2548 990 in

305 1058 594 1129 Othone
661 1079 830 1130 vero
897 1078 1133 1128 omnes
1199 1065 1345 1129 tres
1409 1058 1632 1129 solum
1702 1058 2013 1129 Plinium
2066 1062 2342 1128 secutos
2397 1078 2549 1129 esse

308 1194 779 1279 existimaret,
814 1215 965 1266 rem
1018 1194 1253 1266 effecit
1304 1195 1555 1266 miram
1608 1200 1678 1266 et
1713 1195 1919 1267 valde
1955 1199 2370 1267 contortam.
2452 1195 2552 1266 Et

312 1338 689 1423 propterea
747 1337 1026 1404 tantum
1087 1334 1629 1404 Wiedemannus
1710 1334 2350 1404 commemorandus
2421 1337 2549 1416 est,

319 1472 500 1559 quod
568 1471 839 1560 primus
909 1469 1127 1541 Plinii
1205 1471 1664 1541 historiarum
1735 1470 2079 1541 rationem
2149 1470 2403 1540 habuit
2469 1474 2551 1540 ut

322 1606 532 1678 fontis
610 1628 745 1679 non
827 1607 1266 1697 neglegendi.
1408 1609 1588 1677 Item
1667 1607 2020 1679 oblivione
2108 1608 2361 1679 obruta
2441 1610 2549 1679 est

333 1744 725 1815 dissertatio
779 1744 867 1815 A.
927 1744 1383 1816 Schmidtii
1413 1739 1490 1835 2),
1533 1744 1653 1833 qui
1707 1764 2118 1815 consensum
2172 1745 2275 1814 ita
2328 1744 2544 1833 expli-

340 1899 494 1949 care
554 1881 734 1964 vult,
799 1886 878 1952 ut
944 1881 1175 1952 tribus
1239 1880 1381 1949 illis
1436 1879 1898 1968 scriptoribus
1963 1901 2101 1951 non
2156 1901 2370 1951 unum
2424 1881 2546 1951 sed

349 2014 716 2104 complures
776 2022 847 2089 et
899 2019 1175 2088 eosdem
1225 2016 1455 2086 fontes
1508 2015 1727 2087 fuisse
1782 2016 2137 2108 opinetur,
2195 2038 2373 2107 quae
2426 2038 2544 2088 ex-

334 2151 612 2239 plicatio
676 2175 922 2243 parum
988 2153 1377 2242 probabilis
1440 2158 1569 2224 est.
1676 2154 2122 2225 Hermannus
2174 2156 2336 2225 Pet
2357 2147 2450 2225 e‘r
2483 2148 2545 2252 3)

326 2289 410 2359 ad
462 2289 764 2361 Hirzelii
833 2290 1226 2361 doctrinam
1295 2290 1527 2361 rediit.
1672 2291 2100 2363 Oonsensum
2171 2291 2407 2362 Taciti
2476 2296 2551 2363 et

318 2426 686 2499 Plutarchi
751 2434 1028 2500 tantum
1092 2447 1243 2497 esse
1311 2428 1548 2511 docet,
1620 2433 1701 2498 ut
1772 2427 2154 2499 communis
2223 2427 2381 2498 fons
2452 2429 2548 2500 sit

315 2566 748 2649 statuendus,
788 2569 879 2647 et,
922 2564 1088 2654 quia
1141 2564 1489 2637 interdum
1542 2564 1725 2635 alter
1777 2565 1867 2635 ab
1921 2565 2143 2635 altero
2199 2565 2549 2655 discrepet

311 2703 427 2774 vel
493 2702 765 2792 aliquid
831 2702 1200 2787 exhibeat,
1257 2703 1439 2791 quod
1494 2704 1683 2792 apud
1736 2703 2036 2774 alterum
2088 2702 2541 2787 desideretur,

309 2840 613 2912 alterum
682 2841 908 2911 altero
975 2859 1179 2910 usum
1248 2859 1397 2910 esse
1459 2847 1697 2930 negat.
1805 2841 2254 2912 Communem
2306 2848 2541 2913 autem

306 2977 577 3049 fontem
643 2977 974 3050 Cluvium
1043 2977 1309 3048 Rufum
1377 2976 1597 3048 fuisse
1667 2977 1815 3048 sine
1884 2978 2034 3050 ulla
2104 2979 2541 3051 dubitatione

310 3114 660 3186 adfirmat.
795 3114 951 3199 Qua
1029 3114 1102 3183 in
1180 3133 1257 3183 re
1346 3110 2205 3211 Mommsenium4)
2293 3116 2544 3187 habuit

312 3271 808 3333 successorem,
866 3250 985 3340 qui
1038 3250 1365 3323 Cluvium
1419 3249 1640 3320 fuisse
1695 3270 2124 3321 communem
2179 3256 2537 3323 auctorem

478 3469 529 3535 1)
566 3466 1028 3522 Wiedemann
1056 3465 1159 3536 „de
1188 3464 1408 3534 Tacit0‚
1435 3463 1732 3534 Suetonio,
1757 3463 2090 3537 Plutarcho,
2117 3465 2321 3522 Cassio
2347 3468 2539 3523 Dione

304 3552 693 3625 scriptoribus
728 3552 1149 3624 imperatorum
1186 3550 1407 3605 Galbae
1445 3555 1505 3604 et
1539 3550 1823 3606 Othonis“
1862 3550 1999 3606 diss.
2036 3552 2298 3608 Berolini
2335 3555 2483 3610 1857.

474 3639 530 3706 2)
583 3639 650 3693 A.
690 3637 1017 3693 Schmidt
1054 3637 1157 3707 „de
1194 3635 1544 3708 quibusdam
1582 3635 1918 3691 auctoribus
1954 3638 2258 3711 RomaniS‚
2295 3656 2441 3711 quos
2477 3639 2539 3694 in

302 3723 711 3780 describendis
745 3723 922 3779 rebus
959 3741 1093 3778 ann.
1128 3724 1197 3778 68
1234 3727 1293 3777 et
1327 3723 1394 3778 69
1428 3741 1482 3793 p.
1521 3721 1625 3776 Ch.
1649 3721 1836 3793 gestis
1873 3723 2130 3793 Tacitus,
2167 3725 2537 3795 PlutarchuS,

300 3808 625 3866 Suetonius
663 3809 852 3865 secuti
889 3814 1031 3863 sunt
1066 3809 1208 3863 etc.“
1279 3808 1321 3863 J
1324 3824 1470 3862 enae
1508 3808 1659 3862 1860.

473 3895 530 3965 3)
581 3895 656 3951 H.
691 3895 914 3950 Peter
936 3894 1077 3965 .,‚die
1116 3893 1369 3961 Quellen
1402 3892 1717 3948 Plutarchs
1752 3892 1816 3947 in
1850 3894 1965 3949 den
1999 3894 2400 3966 Biographien
2436 3896 2541 3952 der

299 3979 580 4036 Romer“.
648 3981 823 4036 Halle
862 3981 995 4036 1865
1028 3999 1082 4051 p.
1119 3980 1339 4034 28-44.

474 4068 529 4134 4)
581 4065 971 4122 Mommsen
1008 4065 1344 4137 „Cornelius
1380 4064 1623 4119 Tacitus
1657 4081 1715 4120 u.
1752 4064 1991 4120 Cluvius
2026 4064 2251 4119 Rufus?⁴
2288 4066 2538 4121 Hermes

297 4152 387 4209 IV
421 4170 478 4225 p.
514 4152 804 4209 295-325.
873 4153 992 4210 Ubi
1042 4151 1205 4206 nullo
1259 4150 1389 4206 loco
1442 4149 1738 4223 adscripto
1781 4151 2235 4209 Mommsenium
2287 4151 2540 4219 nomin0,

296 4239 460 4294 hanc
493 4238 777 4311 intellego
815 4238 1384 4295 commentationem.

2140 4337 2199 4394 1*
