3084 4809
532 299 697 381 “116
2300 306 2384 378 O.
2445 307 2510 390 7,
2563 316 2796 372 20-25.

539 513 845 585 ‘credulus
915 512 1109 584 bonos
1182 515 1467 586 metuens
1537 512 1917 607 trepidabat.
2026 514 2225 584 Haec
2279 513 2515 585 Taciti
2564 513 2806 583 verba

547 651 979 723 Plutarchus
1034 658 1199 724 ante
1229 652 1467 774 oculos
1503 651 1838 722 habuisse
1874 651 2048 721 mihi
2085 651 2390 724 videtur.
2476 649 2812 732 TacituS‚

549 805 949 878 quanquam
987 789 1142 878 ipsa
1176 808 1351 861 voce
1403 773 1827 878 proditionis
1880 808 2020 859 non
2080 787 2330 871 utitur,
2404 792 2638 857 tamen
2692 786 2814 857 in·
2901 820 2911 827 ·

549 925 777 1015 dicat3
831 924 1213 1021 παρώξυνον
1261 926 1368 995 τὸν
1383 918 1670 997 μ”()θε“11νοι
1709 924 2314 1021 μεγαληγοροῦντες
2358 924 2588 1014 inquit
2627 924 2811 995 Plu-

537 1062 870 1146 'tarchuS‚
909 1063 1115 1153 quasi
1151 1081 1485 1152 praesens
1522 1062 1741 1133 fuerit
1777 1062 1984 1145 Otho,
2023 1082 2228 1153 quem
2266 1061 2349 1133 O.·
2384 1066 2450 1146 5,-
2498 1063 2805 1132 15-18

554 1199 858 1271 Brixelli
910 1200 1334 1271 remansisse
1386 1201 1735 1291 prodidit;
1793 1201 1979 1290 quod
2029 1200 2237 1290 plane
2292 1199 2600 1271 concinit
2635 1217 2809 1269 cum

549 1337 833 1421 Tacito,
889 1337 1020 1427 qui*
1049 1341 1120 1407 et
1154 1338 1304 1427 ipse
1341 1338 1835 1426 imperatorem
1871 1338 2144 1408 inducit
2184 1357 2415 1427 neque
2469 1336 2590 1408 ubi
2616 1373 2621 1382 ·
2644 1341 2810 1408 tum

537 1463 766 1545 'fuerit
809 1474 1052 1545 adicit.
1159 1475 1458 1545 Litteris
1513 1475 1792 1545 omissis
1828 1475 2260 1546 Plutarchus
2312 1479 2540 1546 totum
2594 1493 2803 1545 exer-

548 1611 769 1683 citum
822 1610 1168 1682 Othonem
1222 1611 1678 1701 instigantem
1734 1611 1931 1695 facit,
1987 1632 2145 1682 cum
2196 1611 2489 1683 Tacitus
2526 1611 2804 1683 rectius

551 1769 765 1821 unam
818 1748 1021 1838 quasi
1074 1747 1454 1819 factionem
1505 1754 2029 1821 commemoret.
2064 1752 2166 1800 -—'-
2218 1749 2492 1820 Ultima
2570 1752 2788 1822 verba

537 1887 584 1956 ὃ
616 1883 690 1954 δὲ
717 1925 817 1938 -ο-
846 1884 1135 1955 ἀπιστεῖν
1165 1885 1574 1957 difficiliora
1603 1893 1786 1958 sunt.
1862 1886 2210 1958 Othonem
2246 1888 2433 1957 enim
2466 1907 2609 1957 non
2648 1891 2797 1958 tam

555 2023 903 2094 militibus
953 2022 1370 2106 credidisse,
1441 2044 1652 2113 quam
1716 2024 2027 2095 noluisse
2095 2024 2269 2095 dicit
2318 2024 2553 2096 videri
2614 2024 2803 2095 diffi-

534 2161 739 2231 dere.
861 2160 1041 2236 Eius
1104 2161 1291 2231 modi
1360 2162 1723 2231 sententia
1773 2142 1916 2232 non
1982 2160 2341 2235 invenitur
2404 2162 2588 2251 apud
2655 2162 2799 2231 Ta-

551 2298 792 2382 citum,
844 2299 966 2368 sed
1001 2298 1399 2387 comparari
1432 2303 1668 2388 potest
1704 2319 1765 2368 c.
1808 2298 1924 2380 23,
1967 2299 2061 2369 24
2100 2292 2357 2396 (Otho)
2397 2304 2513 2396 qai
2551 2296 2795 2367 humil-

555 2434 709 2505 limo
761 2439 988 2528 cuique
1039 2432 1339 2504 credulus
1391 2433 1587 2505 bonos
1606 2479 1613 2484 -
1634 2438 1920 2508 metuens
1975 2433 2340 2529 trepidabat
2390 2435 2437 2506 i.
2495 2456 2553 2506 e.
2609 2434 2796 2507 Otho

557 2572 901 2642 militibus
955 2565 1317 2656 credebat,
1383 2572 1586 2644 bonis
1642 2571 2029 2656 diffidebat,
2087 2589 2377 2645 summo
2410 2573 2629 2644 animi
2684 2594 2810 2643 an-

556 2713 734 2798 gore'
781 2708 1126 2779 adfectus,
1235 2698 1602 2780 Sententia
1655 2731 1796 2781 non
1861 2717 1966 2781 est
1993 2712 2288 2781 eadem.
2399 2711 2556 2794 Sed,
2613 2711 2676 2781 si
2730 2712 2809 2781 in

556 2845 906 2920 communi
972 2846 1209 2939 aliquo
1278 2845 1471 2916 fonte
1541 2847 1904 2918 adnotatio
1976 2853 2123 2919 tam
2192 2848 2475 2920 subtilis
2528 2849 2804 2919 tradita

555 2990 714 3054 erat
772 3021 857 3062 -.-
917 3004 1078 3053 num
1119 2983 1492 3054 Plutarchi
1548 2984 1830 3074 ingenio
1884 2986 2239 3058 vindicari
2289 2986 2533 3076 possit,
2587 2988 2804 3059 valde

558 3121 803 3192 dubito
857 3159 979 3204 --‚
1032 3121 1158 3193 vix
1212 3121 1547 3192 credibile
1601 3129 1728 3206 est,
1781 3123 2133 3206 Tacitum,
2191 3124 2312 3214 qui
2344 3144 2522 3195 cum
2561 3124 2636 3194 in
2671 3125 2806 3195 mi-

556 3258 763 3329 litum
833 3263 984 3329 tum
1055 3259 1128 3328 in
1200 3259 1641 3349 singulorum
1709 3259 2070 3330 hominum
2149 3261 2460 3332 moribus
2540 3262 2810 3332 descri-

559 3395 807 3466 bendis
874 3415 1215 3466 summam
1283 3389 1725 3485 diligentia-m
1795 3397 2162 3481 adhibeat,
2236 3417 2392 3468 eam
2456 3398 2808 3472 omisisse.

561 3532 813 3622 Itaque
830 3531 1294 3604 Plutarchum
1322 3534 1560 3623 aliquo
1591 3535 1793 3605 modo
1813 3534 2079 3605 fontem
2108 3555 2311 3605 suum
2336 3555 2556 3625 pra-ve
2586 3537 2814 3607 inter-

547 3674 917 3759 pretatum
946 3689 1097 3740 esse
1134 3661 1438 3741 conicioss
1500 3672 1608 3742 Ac
1644 3657 1951 3742 fortasse
1985 3672 2224 3744 verbis
2261 3670 2454 3743 bonos
2491 3676 2807 3763 meluens,

562 3827 745 3897 quae
796 3806 1254 3896 oppositionis
1308 3828 1527 3879 causa
1580 3830 1623 3879 a
1672 3810 1929 3881 Tacito
1984 3810 2229 3881 addita
2283 3819 2465 3895 sun-t,
2522 3812 2808 3883 omissis

563 3943 994 4015 adiectivum
1020 3943 1318 4014 credulas
1354 3949 1435 4016 ut
1467 3947 1953 4035 praedicatum
1983 3948 2209 4018 artius
2238 3950 2605 4020 coniunxit
2640 3969 2804 4020 cum

563 4072 780 4153 verbo
843 4078 1225 4172 trepidabat,
1287 4083 1408 4152 -ita
1477 4089 1559 4154 ut
1611 4085 1959 4168 sententia
2029 4087 2380 4170 evaderet,
2454 4069 2806 4159 Othonem

567 4237 723 4291 cum
779 4216 1248 4308 trepidatione
1301 4219 1646 4294 militibus
1701 4221 2037 4293 confisum
2092 4243 2263 4308 esse,
2320 4225 2366 4296 i.
2411 4244 2470 4296 e.
2524 4224 2625 4295 eis
2662 4241 2808 4298 non
2894 4249 3052 4759 4⁴]
