3084 4809
325 338 415 408 G.
478 338 592 421 23,
645 354 869 409 20—-22,
2469 337 2563 407 41

322 562 588 615 novum
614 542 994 614 Caesarem
1029 544 1301 616 vultum
1340 565 1478 615 non
1514 549 1826 615 mutasse
1862 543 2108 614 tradit.
2167 538 2245 639 2)
2288 543 2569 613 Nuncu-

320 681 521 770 patio
576 679 652 750 in
704 679 963 751 castris
1016 678 1208 750 facta
1261 674 1356 776 (c.
1421 674 1582 776 18);
1655 676 1735 776 3)
1788 680 2069 751 Pisonis
2123 681 2196 750 in
2248 685 2567 751 senatum

324 817 643 888 inductio
698 811 794 913 (c.
852 811 1008 914 19).
1116 818 1429 888 Primam
1481 837 1628 887 rem
1682 817 2112 888 Plutarchus
2148 816 2462 907 neglegit
2496 821 2569 886 et

325 954 636 1027 Galbam
699 953 960 1025 Pisone
1020 953 1250 1025 accito
1317 954 1560 1025 statim
1621 954 1694 1024 in
1748 961 1985 1024 castra
2039 953 2253 1026 ivisse
2306 952 2563 1040 tradit3

322 1112 482 1162 cum
533 1111 707 1163 vero
764 1092 850 1161 de
902 1090 1186 1161 Pisonis
1222 1091 1621 1162 constantia
1669 1112 1809 1161 non
1841 1095 2080 1180 posset
2114 1096 2372 1174 tacere,
2411 1110 2568 1161 eam

324 1229 467 1300 alio
520 1228 680 1299 loco
736 1226 1002 1310 attulit,
1056 1227 1212 1298 loco
1264 1249 1514 1317 parum
1569 1236 1758 1318 apto.
1838 1228 2156 1299 Tertium
2211 1228 2379 1298 item
2430 1248 2569 1298 non

325 1365 575 1437 adfert.
688 1365 944 1453 Itaque
998 1364 1292 1436 Tacitus
1347 1371 1418 1436 et
1477 1366 1888 1455 diligentius
1943 1370 2013 1435 et
2064 1365 2299 1454 aptius
2354 1365 2567 1453 adop-

329 1502 589 1572 tionem
644 1501 1044 1590 descripsit.

535 1639 695 1709 Huc
759 1637 1074 1708 adnectit
1133 1638 1564 1710 Plutarchus
1628 1659 1808 1729 quae
1862 1640 1946 1709 de
2000 1638 2298 1711 Othonis
2353 1638 2573 1708 animi

333 1775 863 1865 perturbatione
917 1775 989 1845 in
1041 1774 1237 1846 fonte
1290 1775 1594 1847 invenit:

346 1932 419 1982 V.
476 1910 755 1982 ‘zo—22
835 1912 1065 2006 ὥσπερ
1138 1909 1219 1980 αὖ
1282 1906 1444 1980 wo!
1503 1931 1562 1981 c.
1611 1913 1726 1995 21,
1803 1913 1839 1983 1
1898 1932 1998 2001 sq.
2065 1913 2309 1982 interea
2382 1910 2574 1982 (meo-

345 2039 647 2121 Ὀθωνος
725 2044 1105 2141 ἐπεφαίνετο
1183 2046 1400 2117 πολλὰ
1506 2071 1671 2137 nem,
1761 2053 1871 2120 cui
1944 2051 2309 2140 eottrposz‘tis
2385 2047 2575 2119 rebus

338 2189 580 2278 σημεῖα
628 2189 709 2280 τῇ
744 2189 973 2279 μορφῇ
1021 2192 1265 2280 πικρῶς
1299 2186 1404 2254 καὶ
1508 2185 1693 2256 nulla
1744 2207 1911 2278 Spar,
1964 2207 2149 2255 olzene
2198 2189 2267 2253 in
2322 2183 2575 2255 turbzdo

326 2320 443 2390 σὺν
524 2321 688 2418 ὀργῇ
752 2327 872 2417 τῆς
954 2319 1212 2397 ἐλπίδος
1288 2322 1406 2418 τὴν
1509 2323 1867 2412 consilium,
1911 2322 2116 2393 multa
2143 2321 2342 2392 simul
2374 2324 2575 2392 eoesti-

324 2456 667 2536 ἀπότευξιν
720 2461 1047 2556 φέροντος.
1510 2457 1879 2529 mulabant.
1901 2513 1919 2529 .
1943 2463 2043 2528 ‚in
2067 2455 2340 2528 Galbam
2362 2463 2467 2528 ira
2488 2514 2503 2528 .
2523 2512 2539 2528 .
2557 2511 2574 2529 .

322 2596 783 2679 Plutarchus⁹
834 2598 895 2668 si
930 2598 1152 2670 verba
1188 2597 1340 2667 eius
1374 2596 1776 2687 premimUS‚
1828 2594 2174 2666 Othonem
2211 2594 2573 2683 adoptioni

319 2734 736 2807 interfuisse
791 2741 862 2805 et
914 2737 1119 2807 vultu
1174 2735 1397 2805 multa
1451 2733 1963 2823 desperationis
2014 2734 2220 2826 signa
2274 2732 2574 2803 edidisse

316 2879 693 2955 memorat,
749 2872 940 2943 haud
993 2872 1203 2943 dubie
1255 2877 1338 2942 ut
1392 2892 1550 2943 eum
1603 2872 1848 2944 Pisoni
1909 2871 2379 2943 constantiam
2432 2890 2574 2941 ser-

314 3008 528 3082 vanti
568 3013 897 3098 opponat.
969 3010 1234 3080 Contra
1271 3028 1359 3079 ex
1388 3009 1639 3080 Tacito
1679 3029 1738 3079 c.
1780 3010 1900 3092 14,
1932 3010 2128 3078 4-6
2169 2975 2577 3101 adhibitoque

325 3165 525 3239 super
592 3143 837 3215 Vinium
891 3169 968 3217 ac
1032 3143 1345 3216 Lac-onem
1416 3143 1623 3216 Mario
1697 3144 1872 3214 Celso
1929 3199 1944 3212 .
2007 3198 2024 3236 ‚
2081 3200 2093 3212 .
2151 3168 2227 3214 ac
2295 3142 2573 3214 Ducenio

323 3283 601 3353 Gemino
646 3289 943 3364 constat,
1001 3282 1345 3354 Othonem
1397 3281 1533 3369 ipsi
1571 3279 1933 3368 adoptioni
1969 3301 2108 3352 non
2143 3281 2571 3352 interfuisse.

312 3407 798 3493 Plutarchum
865 3420 1090 3509 igitur
1156 3418 1457 3508 singulis
1520 3419 1731 3487 rebus
1797 3418 2140 3506 neglectis
2215 3418 2374 3488 hoc
2417 3417 2572 3489 loco

313 3557 513 3629 nihil
578 3557 775 3628 aliud
836 3523 1068 3646 egisse
1130 3555 1629 3646 perspicimuS‚
1683 3554 1823 3625 nisi
1888 3560 1970 3625 ut
2021 3533 2361 3626 antithesi
2416 3575 2571 3625 ora-

310 3695 521 3767 toria
551 3694 725 3765 duos
753 3693 1030 3783 imperii
1061 3694 1474 3765 candidatos
1504 3693 1950 3782 compararet
1970 3686 2049 3787 ¹).
2107 3691 2303 3776 Quae
2336 3691 2576 3780 pergit

304 3833 567 3904 dicere
621 3827 704 3901 de
757 3830 1033 3903 Othone
1090 3830 1324 3903 omnia
1374 3831 1561 3920 apud
1615 3830 1943 3901 Tacitum
1997 3834 2310 3900 exstant:

541 4184 595 4242 1>
664 4183 942 4240 Fortasse
978 4201 1124 4241 voce
1162 4186 1341 4236 interea
1377 4182 1668 4240 adductus
1707 4189 1811 4251 est,
1850 4199 2023 4270 quam
2059 4181 2367 4254 angustius
2390 4181 2571 4239 inter-

311 4274 685 4346 pretatetur.
