3084 4809
315 303 393 374 G.
452 303 566 386 23,
626 321 853 377 10-16.
2454 309 2547 379 39

312 512 546 577 arcessi
593 505 816 580 iubet.
856 563 871 579 .
911 563 927 579 .
964 562 979 578 .
1042 506 1191 579 Piso
1243 506 1326 581 M.
1392 508 1623 579 Crasso
1674 512 1737 580 et
1788 507 2123 580 Scribonia
2168 512 2436 606 genitus
2468 506 2543 610 ¹),

312 642 533 713 nobilis
605 649 964 739 utrimque,
1037 644 1217 716 vultu
1282 643 1635 741 habituque
1664 640 1729 743 2)
1796 652 1997 720 moris
2060 651 2318 742 antiqui
2352 701 2367 717 .
2411 699 2427 718 .
2530 703 2546 721 .

315 801 368 852 c.
434 784 548 865 17,
622 785 785 853 5—-
806 783 846 852 7
916 783 1340 853 consultatum
1394 783 1564 872 inde,
1626 804 1753 877 pro
1821 786 2050 853 rastris
2087 838 2102 854 .
2147 838 2165 855 .
2207 838 2223 855 .
2268 837 2283 854 .
2339 806 2426 854 an
2480 789 2546 853 in

321 922 541 988 castris
592 918 857 1012 adoptio
909 922 1413 1012 reuneuparetar.
1470 924 1561 988 iri
1609 925 1677 987 in
1730 921 1945 990 castra
1988 919 2261 1013 placuit.

313 1075 374 1125 v.
411 1057 699 1125 10—-16
731 1056 933 1124 καίτοι
969 1055 1247 1148 μεγάλαι
1275 1052 1392 1148 μὲν
1429 1052 1629 1132 εὐθὺς
1665 1049 1675 1153 Ι
1728 1094 1797 1145 v,
1839 1072 1959 1156 18,
2010 1074 2045 1143 1
2088 1093 2190 1162 sq,
2239 1075 2542 1166 qum-tum

318 1187 514 1268 ἐξιόντι
622 1188 956 1286 διοσημίαι
1064 1189 1624 1287 παρηκολούθουν,
1729 1191 1876 1261 idus
1944 1190 2334 1281 lanuarlcw,
2395 1193 2544 1287 foe·

322 1325 665 1422 ἀρξαμὲνου
723 1325 799 1395 δὲ
849 1327 930 1397 τὰ
982 1326 1100 1420 μὲν
1153 1327 1361 1420 λέγειν
1407 1327 1476 1398 ἐν
1525 1335 1626 1425 τῷ
1727 1310 1878 1380 dum
1957 1309 2272 1381 imbribus
2349 1312 2535 1401 diem,

1729 1434 2014 1501 tonitrua
2064 1433 2130 1501 ct
2166 1432 2446 1528 ficlgura
2481 1436 2545 1503 et

1726 1551 2028 1624 caelestes
2089 1557 2302 1622 minae
2362 1552 2541 1621 ultra

1725 1670 1984 1740 solitum
2099 1669 2535 1742 turbaverant.

1725 1788 2125 1859 observatum
2213 1790 2285 1860 id
2364 1794 2540 1859 azeti-

351 1866 437 1964 θη
459 1872 536 1946 εἰς
557 1875 621 1942 τὸ
656 1873 1090 1973 στρατόπεδον
1131 1873 1235 1943 καὶ
1270 1874 1386 1967 τὴν
1412 1874 1620 1958 πόλιν,
1726 1912 1943 2002 qul-tus
2020 1913 2294 1980 comite-is
2371 1909 2536 1980 dm·-

362 2007 442 2082 ὡς
479 2008 804 2105 κατάδηλον
859 2011 1018 2080 εἶναι
1069 2011 1162 2106 μὴ
1198 2009 1621 2106 προσιέμενον
1724 2027 1970 2097 mendis
2072 2051 2199 2098 „072
2304 2031 2539 2099 terruit

341 2140 489 2238 μηδὲ
541 2145 831 2218 ἐπαινοῦν
903 2149 976 2217 τὸ
1049 2147 1374 2241 δαιμόνιον
1447 2172 1617 2246 γινο-
1731 2146 2019 2237 Galbam,
2061 2169 2186 2242 quo
2212 2154 2426 2218 minas
2463 2154 2531 2217 in

326 2280 503 2377 μένην
536 2283 639 2353 οὐκ
675 2284 782 2354 ἐπ’
819 2283 1057 2381 ἀγαθῷ
1094 2284 1214 2381 τὴν
1243 2285 1616 2380 εἰσποίησιν.
1721 2270 1938 2338 θαδίΐα
1982 2271 2293 2363 pergeret
2319 2324 2334 2339 ·
2373 2324 2387 2338 ·
2424 2324 2439 2339 ·

498 2421 927 2494 Plutarchus
979 2443 1067 2492 ne
1120 2443 1333 2493 unam
1384 2422 1668 2512 quidem
1719 2441 1866 2491 rem
1918 2419 2208 2511 profert,
2264 2442 2444 2512 quae
2487 2443 2532 2495 a

314 2554 539 2630 Tacito
593 2560 1100 2649 praetermissa
1154 2559 1278 2642 sit,
1344 2560 1467 2630 sed
1521 2558 1757 2630 omnia
1809 2559 2017 2630 valde
2072 2559 2407 2630 distrahit
2461 2567 2534 2631 et

302 2691 368 2764 1’11
401 2696 825 2768 caelestibus
860 2697 1070 2774 minis
1105 2698 1434 2767 tenebras
1470 2715 1745 2787 quoque
1779 2701 2297 2768 commemorat.
2390 2697 2528 2767 De-

296 2831 491 2923 nique
531 2833 843 2908 Galbam
899 2833 1286 2904 orationem
1339 2833 1603 2922 partim
1653 2832 2226 2922 pronuntiantem
2271 2834 2530 2923 partim

284 2968 634 3059 legentem
698 2969 877 3040 facit
908 2965 990 3067 3).
1114 2970 1301 3054 Hoc,
1367 2969 1700 3061 quoniam
1770 2970 2104 3040 abhorret
2168 2991 2213 3041 a
2276 2971 2527 3045 Tacito

337 1462 752 1559 στρατοπέδῳ,
832 1463 915 1532 τὰ
993 1462 1067 1533 δὲ
1138 1464 1621 1559 ἀναγινώσκειν,

335 1600 674 1676 τοσαυτάκις
692 1598 1048 1697 ἐβρόντησε
1067 1602 1173 1669 καὶ
1189 1601 1622 1697 κατήστραψε,

338 1734 425 1803 καὶ
453 1741 735 1813 τοσοῦτος
763 1734 1010 1834 ὄμβρος
1039 1738 1143 1806 καὶ
1173 1736 1373 1833 ζόφος
1401 1737 1622 1831 ἐξεχύ-

283 3165 636 3243 Plutarchus
686 3217 748 3225 —
791 3187 853 3241 id
905 3187 1063 3258 quod
1116 3206 1151 3242 a
1192 3181 1397 3242 Tacito
1435 3185 1719 3241 omissum
1754 3189 1859 3254 est,
1914 3184 2022 3239 sed
2075 3202 2149 3240 ex
2200 3186 2523 3243 sententia-

271 3289 391 3330 rum
415 3290 595 3330 nexu
636 3278 698 3328 et
737 3289 813 3328 ex
852 3289 899 3328 ο.
944 3274 1025 3341 14,
1072 3273 1139 3327 10
1175 3273 1350 3323 callida
1388 3283 1441 3323 ut
1480 3274 1684 3337 iynotum
1711 3272 1921 3336 fovebat
1955 3276 2286 3341 apparet—
2321 3271 2518 3328 dicere
2585 3313 2589 3318 .

271 3358 714 3431 vu1t‚‚Ga1bam
751 3357 1062 3413 consilium
1099 3364 1276 3413 antea
1314 3375 1448 3411 cum
1482 3356 1721 3411 nemine
1759 3356 2238 3411 communicasse.

438 3434 448 3441 ’
476 3446 534 3511 1)
610 3443 873 3509 Quorum
908 3443 980 3498 de
1013 3451 1204 3498 morte
1237 3442 1387 3497 nihil
1420 3441 1722 3498 invenitur
1744 3441 1806 3495 in
1830 3441 2110 3498 historiis,
2169 3437 2521 3498 Plutarchus

263 3530 320 3585 id
374 3549 458 3586 ex
516 3528 638 3584 alio
679 3528 855 3583 fonte·
883 3528 1184 3600 cognitum
1235 3528 1507 3598 habebat,
1564 3545 1696 3583 cum
1747 3526 2001 3583 Neronis
2051 3545 2286 3600 quoque
2337 3529 2524 3585 vitam

268 3614 751 3687 conscripsisset,
787 3614 1062 3669 videlicet
1100 3622 1239 3670 ante
1272 3614 1428 3670 hanc
1461 3615 1662 3669 vitam.

482 3710 540 3777 2)
591 3708 704 3764 His
728 3710 942 3765 mirum
967 3713 1254 3780 quantum
1279 3710 1601 3782 respondet
1617 3707 1920 3764 Plutarchi
1937 3700 2329 3793 ἐμφανέστατα
2350 3700 2523 3785 ἔχων.

258 3798 355 3852 Ex
404 3798 590 3849 nobilis
627 3798 854 3863 utrimque
896 3795 1149 3852 fortasse
1187 3813 1383 3851 errore
1420 3802 1614 3852 ortum
1650 3799 1741 3849 est
1782 3793 1930 3850 illud
1957 3787 2016 3850 ἐν
2059 3811 2132 3870 τῃ
2161 3788 2297 3870 πρὸς
2340 3791 2523 3851 πᾶσαν

258 3878 483 3961 ἀρετὴν
529 3874 750 3956 εὐφυΐα.

483 3975 540 4042 3)
608 3975 776 4030 Haec
820 3975 1005 4031 verba
1048 4006 1111 4015 —-
1156 3982 1225 4031 ut
1268 3975 1602 4030 Mommsen
1644 3991 1699 4044 p.
1742 3972 1846 4028 306
1891 3927 2023 4028 adn.
2066 3973 2102 4028 4
2155 3971 2407 4028 coniecit
2461 3979 2521 4028 et

252 4062 487 4132 Lange
522 4078 576 4132 p.
603 4061 670 4124 62
707 4066 883 4133 atque
909 4061 1217 4132 Sickinger
1251 4062 1287 4117 L
1323 4062 1361 4116 l.
1396 4080 1449 4133 p.
1485 4061 1557 4116 84
1590 4064 1965 4131 repetunt—
2003 4075 2198 4115 errore
2235 4062 2293 4113 et
2317 4058 2520 4130 negle-

254 4148 486 4218 gentia
531 4163 605 4201 ex
640 4147 777 4202 Tae.
815 4164 860 4202 c.
900 4149 979 4215 18,
1015 4148 1051 4201 8
1085 4168 1176 4213 quo
1213 4152 1293 4200 vir
1328 4152 1478 4200 virum
1518 4148 1713 4212 queret,
1757 4148 2036 4211 pronuntzat
2064 4151 2194 4199 orta
2230 4161 2362 4200 esse
2398 4162 2519 4199 non

253 4229 645 4289 crediderim.
719 4233 872 4287 Sane
908 4234 1240 4308 Mommsen
1276 4238 1435 4288 recte
1474 4229 1616 4285 dicit
1649 4229 1712 4285 in
1750 4229 2066 4303 adoptione
2100 4225 2249 4285 nihil
2283 4225 2520 4286 recitari
