3084 4809
580 311 677 393 '8¹4
2330 320 2413 392 O.
2471 322 2537 399 3,
2595 340 2808 420 157-25.

578 530 705 609 est,
744 532 990 616 atque
1022 526 1318 596 ‘ibidem
1404 526 1845 616 praetoriani
1931 525 2343 597 sedit-ionem
2422 507 2811 597 mouerunt.

577 662 843 735 Contra
918 663 1349 735 Plutarchus
1425 682 1574 734 rem
1637 663 1741 734 ita
1798 664 2166 753 accepisse
2228 662 2511 736 videtur
2526 717 2543 745 ‚
2611 662 2817 753 quasi

577 787 819 872 Ostiae
873 791 1123 872 seditio
1191 800 1594 871 exarsisset.
1703 801 1783 870 Id
1836 820 2007 871 vero
2069 799 2246 874 fieri
2276 820 2417 872 non
2477 799 2813 890 potuisse,

575 919 776 1009 nemo
830 943 940 1009 est
974 937 1097 1029 qui
1130 942 1341 1027 neget
1370 932 1447 1035 ¹).
1538 938 1789 1027 Itaque
1824 937 2254 1036 Plutarchus
2292 957 2528 1030 errore
2565 942 2814 1026 captus

579 1080 704 1159 est,
762 1076 881 1166 qui
934 1074 1271 1162 facillime
1326 1049 1740 1165 explicatur,
1797 1074 1860 1145 si
1912 1074 2162 1160 Tacito
2199 1095 2360 1145 eum
2409 1094 2612 1146 usum
2662 1095 2815 1160 esse

580 1213 980 1285 statuimus.
1091 1213 1228 1297 Qui
1281 1232 1438 1283 cum
1501 1232 1719 1286 unum
1782 1232 2034 1282 nomen
2096 1210 2341 1285 Ostiae
2407 1187 2687 1284 adferat
2755 1217 2821 1282 et

572 1356 946 1439 praeterea
1005 1370 1144 1420 non
1197 1350 1334 1420 nisi
1388 1369 1601 1422 voces
1654 1349 1961 1421 incertas
2014 1350 2211 1422 velut
2271 1343 2450 1419 urbs'
2482 1356 2551 1419 et
2602 1352 2818 1420 castra

578 1487 933 1571 adhibeat,
990 1471 1217 1558 obiter
1253 1486 1583 1558 Tacitum
1635 1486 1898 1575 legenti
1952 1506 2065 1557 res
2103 1487 2320 1558 dubia
2368 1465 2519 1556 esse
2564 1486 2812 1577 potuit.

579 1626 705 1695 Sin
775 1644 1207 1695 communem
1268 1622 1489 1693 fuisse
1541 1607 1808 1693 fontem
1878 1623 2236 1706 sumimus
2303 1623 2429 1695 vix
2482 1589 2812 1694 credibile

581 1767 707 1845 est,
762 1761 835 1831 in
888 1782 968 1833 eo
1024 1780 1299 1851 quoque
1353 1761 1644 1831 eandem
1697 1759 1918 1831 fuisse
1973 1761 2476 1832 obscuritatem
2497 1755 2622 1857 ²).·

771 1898 1085 1987 Singulis
1115 1899 1188 1968 in
1216 1900 1427 1969 rebus
1457 1917 1856 1988 quanquam
1883 1918 2026 1968 non
2051 1896 2392 1968 differunt
2414 1898 2804 1988 scriptores

576 2043 835 2124 tamen,
864 2035 1314 2119 PlutarchuS,
1370 2042 1459 2122 ut.
1502 2040 1609 2107 est
1662 2034 1967 2114 ieiunior
2028 2039 2099 2106 et
2146 2034 2533 2125 loquacior,
2579 2036 2812 2122 vivam

582 2174 818 2246 Taciti
834 2171 1316 2245 narrationem
1350 2192 1510 2246 cum
1537 2171 1887 2261 infringit,
1917 2176 2068 2242 tum
2096 2172 2592 2246 additamentis
2619 2191 2811 2242 exor-

577 2316 741 2382 nat:
787 2311 987 2384 velut
1019 2310 1391 2381 nonnullos
1437 2309 1697 2379 milites
1749 2309 2079 2382 vehicula
2134 2309 2548 2400 corripuisse
2590 2307 2804 2378 tradit

580 2448 1023 2538 omniumque
1066 2431 1513 2537 imperatoris
1566 2444 1898 2518 servandi
1952 2446 2261 2516 studium
2306 2447 2621 2536 pluribus
2654 2464 2801 2550 verss

584 2585 695 2656 bis
748 2583 1099 2675 exprimit.
1188 2553 1365 2655 'Hoc
1416 2583 1672 2654 Nissen
1727 2577 1828 2680 (p.
1889 2585 2031 2653 516
2117 2573 2262 2680 sq.)
2328 2604 2486 2656 cum
2563 2573 2812 2673 premit

995 2773 1199 2781 ”—

764 2874 835 2938 ‘1)
874 2837 947 2925 cf.
974 2825 1255 2924 'Krauss
1291 2887 1346 2939 p.
1384 2869 1464 2923 11.

779 2976 835 3041 2)
907 2972 1182 3027 Ceterum
1218 2989 1331 3041 quo
1376 2955 1567 3026 modo.
1594 2986 1691 3024 res
1730 2986 1795 3023 se
1830 2969 2104 3024 habuerit
2146 2970 2409 3025 nondum
2446 2972 2829 3028 consentiunt

578 3059 850 3114 homines
892 3057 1062 3112 docti.
1135 3056 1527 3112 Wiedemann
1561 3055 1724 3110 enim
1756 3055 2043 3124 vehicula,
2083 3072 2235 3125 quae
2282 3056 2525 3111 Tacitus
2571 3074 2828 3111 comme-

578 3151 785 3214 morat,
823 3162 1007 3199 naves
1043 3142 1226 3208 fuisse
1262 3141 1694 3212 putauqmbus
1721 3159 1885 3195 arma
1909 3141 2137 3196 Ostiam
2162 3141 2644 3198 transferrentur.
2712 3144 2832 3199 Sed

580 3250 693 3306 quo
739 3230 912 3286 modo
957 3229 1086 3284 fieri
1128 3227 1402 3301 potuerit,
1448 3233 1515 3282 ut
1565 3244 1637 3282 ex
1674 3226 1883 3282 castris
1921 3226 2233 3298 praetoriis
2268 3245 2460 3299 paene
2499 3228 2615 3283 duo
2661 3230 2835 3283 milia
2909 3241 2910 3244 ’

574 3327 862 3388 passuum
899 3334 934 3370 a
969 3315 1166 3370 Tiberi
1203 3314 1334 3369 sitis
1372 3331 1536 3368 arma
1571 3313 1823 3368 navibus
1858 3319 2026 3368 trans
2060 3313 2290 3367 collem
2298 3314 2649 3368 Viminalem
2687 3323 2835 3372 ave-

579 3403 881 3471 laetentur,
923 3418 1045 3456 non
1089 3400 1276 3480 docet.
1352 3400 1582 3471 Itaque,
1626 3399 1977 3471 praesertim
2023 3417 2156 3453 cum
2203 3399 2413 3458 cohors
2446 3399 2565 3468 iam
2599 3400 2836 3457 Romae

580 3488 764 3542 fuisse
798 3488 1084 3556 videatur,
1118 3486 1247 3541 sine
1273 3486 1448 3541 dubio
1471 3485 1856 3556 intellegendi
1881 3491 2021 3540 sunt
2046 3502 2266 3540 currus.
2329 3485 2483 3540 Sane
2510 3481 2837 3542 Suetonius
2909 3539 2916 3547 ,

584 3573 649 3628 O.
692 3576 728 3627 8
774 3573 915 3628 dicit
951 3575 1206 3639 placuerat
1242 3590 1332 3637 per
1386 3573 1672 3624 classiarios
1717 3589 1855 3622 arma
1912 3574 2167 3637 transferri
2215 3574 2473 3637 remittique
2517 3576 2726 3632 navibus
2773 3581 2839 3637 et,

580 3659 810 3714 Krauss
845 3678 899 3729 p.
933 3659 1001 3713 27
1037 3657 1187 3712 haec
1220 3658 1417 3727 verba,
1455 3664 1522 3711 ut
1557 3656 1760 3716 Tacito
1788 3657 2208 3732 accommodet,
2244 3656 2330 3711 ita
2364 3657 2634 3729 explicat,
2676 3659 2832 3715 clas-

582 3744 791 3800 siarios
826 3744 1021 3799 iussos
1060 3761 1193 3799 esse
1229 3761 1392 3797 arma
1430 3760 1504 3797 ex
1541 3743 1753 3797 castris
1788 3742 2101 3814 praetoriis
2134 3739 2425 3798 vehiculis
2447 3742 2527 3796 'ad
2555 3737 2837 3800 ⁴Tiberim

579 3836 983 3902 transportare
1016 3829 1427 3901 impositaque
1445 3828 1695 3884 navibus
1733 3829 1961 3884 Ostiam
1984 3828 2324 3888 transferre.
2399 3828 2517 3883 Sed
2538 3830 2836 3902 neglegit,

583 3915 883 3971 cohortem
926 3915 1046 3970 iam
1092 3916 1343 3969 Romam
1389 3914 1639 3969 accitam
1684 3914 1885 3968 fuisse.
1966 3914 2164 3969 Etiam
2201 3914 2253 3968 si
2288 3914 2490 3970 Ostiae
2525 3914 2840 3987 tendebat,

583 4002 755 4073 Otho,
781 3995 882 4073 qu'i
907 4018 1040 4056 eam
1062 4001 1125 4056 in
1149 4002 1355 4058 urbem
1385 4001 1585 4056 accire}
1598 4000 1849 4070 volebat,
1877 4015 2043 4055 arma
2061 4007 2181 4055 n’on
2201 4000 2431 4056 Osfflam
2443 3999 2556 4055 sed
2571 4000 2845 4057 Romam

582 4088 806 4159 portari
839 4087 1029 4153 iussit,
1065 4093 1133 4142 ut
1168 4086 1241 4141 de
1266 4085 1517 4141 navibus
1543 4085 1793 4157 cogitari
1814 4103 1934 4140 non
1967 4085 2174 4157 possit.
2236 4086 2365 4153 Qua
2389 4102 2453 4140 re
2480 4085 2843 4144 Suetonium

578 4183 709 4227 rem
745 4174 817 4228 ab
841 4174 971 4246 ipso
995 4175 1115 4229 n'on
1137 4163 1769 4227 intellectam‘narrar‘e
1796 4168 2061 4227 arbitror.
2109 4162 2284 4226 -Namu
2299 4171 2439 4242 quid
2461 4170 2608 4225 illud
2631 4176 2840 4229 trans-

582 4257 739 4315 ferre
778 4264 837 4315 et
869 4259 1169 4315 remittere
1207 4257 1319 4312 sibi
1352 4257 1514 4329 velit,
1551 4273 1671 4312 non
1713 4256 1905 4315 video.
1995 4271 2000 4276 ’
