3084 4809
295 271 380 343 e.
441 271 564 354 22,
605 288 829 344 27—29.
1857 246 1870 255 ’
2447 274 2541 347 33

294 475 723 565 Verginium
788 480 859 544 et
893 465 1293 558 Vitellium,
1347 479 1428 546 ut
1481 475 1781 547 Tacitus
1829 474 2021 559 fecit,
2077 475 2200 546 sed
2233 475 2552 546 Hordeo-

295 613 488 684 nium
555 617 633 683 et
685 611 1053 682 Vitellium
1106 611 1290 682 inter
1345 628 1418 682 se
1474 619 1872 702 opponeret.
1985 613 2083 683 At
2135 613 2220 683 de
2272 611 2549 682 Vitellii

296 754 722 840 paupertate
792 768 1016 837 neque
1087 748 1220 820 hoc
1292 749 1447 820 loco
1519 748 1895 839 quicquam
1967 751 2157 839 apud
2220 749 2550 821 Tacitum

298 887 701 959 invenimus
754 905 978 975 neque
1032 886 1101 955 h.
1132 888 1268 970 ΙΙΙ,
1318 887 1444 969 86,
1498 886 1623 959 ubi
1674 887 1884 977 plura
1933 887 2017 958 de
2065 886 2355 958 Vitellio
2411 887 2549 957 dis-

299 1025 490 1095 serit.
625 1025 882 1112 Itaque
952 1023 1087 1093 hoc
1155 1023 1586 1094 Plutarchus
1656 1023 1940 1095 aliunde
2010 1022 2288 1106 hausit,
2366 1023 2552 1114 quod

303 1161 702 1234 mirandum
783 1180 924 1231 non
995 1163 1102 1230 est
1122 1214 1139 1242 ‚
1218 1161 1634 1250 praesertim
1707 1179 1864 1232 cum
1934 1160 2209 1232 Vitellii
2279 1179 2552 1251 quoque

308 1299 519 1370 vitam
595 1316 893 1387 eamque
982 1296 1311 1367 nimirum
1380 1317 1519 1368 uno
1589 1302 1829 1369 tenore
1899 1317 2058 1368 cum
2141 1297 2413 1369 Galbae
2484 1301 2556 1369 et

321 1434 603 1505 Othonis
658 1433 1160 1522 conscripserit
1196 1428 1276 1524 ¹).
1331 1475 1429 1485 —
1483 1435 1790 1525 Reliqua
1839 1434 2181 1505 orationis
2226 1438 2429 1523 parte
2480 1455 2550 1506 v.

333 1571 487 1640 27-
514 1574 606 1642 29
639 1570 824 1665 φέρε,
850 1575 1072 1639 τοῦτον
1110 1569 1400 1662 ἑλόμενοι
1450 1570 1762 1664 δείξωμεν
1801 1568 2174 1667 ἀνθρώποις
2211 1573 2422 1654 πᾶσιν,
2460 1573 2555 1646 ὥς

328 1701 576 1803 Ἰβήρων
611 1708 714 1777 καὶ
749 1703 1126 1776 Λυσιτανῶν
1166 1706 1469 1800 ἀμείνους
1505 1707 1700 1800 ἐσμὲν
1751 1707 2193 1804 αὐτοκράτορα
2230 1703 2552 1804 αἱρεῖσθαι

349 1844 589 1913 milites
617 1847 701 1915 ad
736 1846 1086 1934 agendum
1123 1846 1544 1944 incitantur;
1600 1849 1956 1934 postrema
2007 1847 2231 1917 verba
2266 1845 2550 1916 Plutar-

366 1978 547 2050 chum
615 1988 782 2053 recte
865 1982 1299 2053 intellexisse
1383 1981 1700 2053 indicant
1720 2038 1736 2065 ‚
1824 2003 2064 2054 veram
2144 1982 2551 2054 rebellionis

350 2135 603 2218 causam
651 2118 871 2190 fuisse
924 2120 1327 2210 superbiam
1381 2119 1788 2191 Germanici
1836 2120 2209 2204 exercituS,
2265 2120 2386 2210 qui
2440 2141 2550 2190 ro-

337 2254 486 2325 bore
540 2276 663 2327 suo
731 2256 1035 2328 confisus
1101 2262 1171 2328 et
1225 2262 1494 2328 ceteros
1551 2256 1902 2329 exercitus
1954 2263 2431 2329 contemneret
2482 2262 2580 2328 etx

324 2393 697 2485 principem
775 2397 864 2465 ab
948 2395 1088 2465 alio
1167 2394 1483 2466 exercitu
1556 2394 1829 2465 factum
1851 2390 1937 2491 2).
2060 2397 2311 2485 Itaque
2391 2413 2549 2465 cum

322 2528 742 2602 Plutarchus
813 2536 1108 2621 excepta
1172 2551 1315 2602 una
1380 2552 1461 2602 re
1527 2531 1695 2605 novi
1763 2532 2096 2602 exhibeat
2160 2532 2359 2615 nihil,
2428 2533 2549 2603 sed

311 2671 577 2739 tantum
629 2688 811 2760 quae
849 2689 892 2738 a
928 2669 1178 2739 Tacito
1232 2673 1469 2757 petere
1521 2669 1757 2759 potuit
1806 2667 2006 2740 facta
2058 2689 2182 2740 suo
2238 2668 2537 2742 arbitrio

302 2810 632 2877 conectat
699 2811 770 2875 et
835 2807 1211 2878 verborum
1244 2833 1251 2840 ·
1279 2806 1482 2895 copia
1551 2813 1863 2891 exornet,
1942 2806 2086 2877 alio
2151 2805 2342 2877 fonte
2408 2827 2547 2884 nou

297 2963 618 3033 egemus.
748 2943 827 3012 Si
892 2963 1324 3014 communem
1404 2947 1766 3014 auctorem
1845 2948 2272 3034 statuamuS,
2343 2964 2546 3035 quem

300 3080 743 3152 Plutarchus
791 3047 1224 3170 'diligentius
1310 3081 1756 3168 expresserit,
1840 3081 2082 3150 eadem
2162 3079 2548 3154 difficultas

297 3216 619 3300 exsistit,
674 3216 747 3285 in
785 3236 923 3306 qua
961 3237 1172 3306 supra
1212 3215 1648 3287 offendimus,
1758 3215 1953 3292 Sane.
1991 3237 2131 3290 11011
2183 3217 2548 3301 contendo,

288 3353 772 3427 Plutarchum
859 3374 997 3424 uno
1088 3373 1359 3444 quoque
1451 3353 1606 3424 loco
1715 3352 1951 3423 Taciti
2056 3354 2276 3425 verba
2381 3359 2545 3426 ante

292 3494 555 3566 oculos
609 3490 962 3561 habuisse.
1040 3490 1193 3561 -Sed
1228 3531 1319 3542 -—
1356 3511 1518 3560 nam
1559 3511 1714 3561 eum
1754 3491 1993 3580 aliqua
2039 3489 2115 3563 vi
2169 3492 2547 3562 memoriae

278 3628 705 3721 praeditum
752 3626 972 3699 fuisse
1021 3648 1158 3698 non
1197 3633 1306 3698 est
1340 3630 1738 3718 negandum
1774 3669 1874 3677 —-
1910 3635 2197 3699 auctore
2235 3630 2541 3718 perlecto

251 3769 533 3841 'vitam
628 3765 1044 3853 conscripsit
1134 3785 1427 3856 eumque
1516 3752 1865 3836 interdum
1921 3765 2230 3838 ‘tantum
2317 3769 2541 3838 denuo

278 3901 639 3993 inspexit.

517 4120 567 4185 1)
636 4118 791 4173 Rem
824 4118 1010 4173 fuisse
1044 4117 1413 4174 notissimam
1457 4136 1531 4172 ex
1568 4117 1849 4174 Suetonio
1888 4125 2134 4191 apparet
2168 4138 2221 4176 v.
2247 4091 2372 4177 'Vin
2410 4138 2457 4177 c.
2495 4122 2543 4177 7.

514 4204 570 4273 2)
639 4202 709 4258 cf.
780 4204 1110 4259 Mommsen
1143 4203 1346 4259 Herm.
1381 4205 1450 4275 V,
1486 4222 1546 4275 p.
1586 4205 1700 4259 172.

2101 4295 2115 4302 ’
2209 4310 2244 4365 3
