3084 4809
482 283 580 354 12

480 508 690 560 ovum
743 491 832 559 ab
888 512 1021 562 ovo
1075 492 1506 581 multumque
1559 491 1901 562 excitavit
1953 491 2403 561 calamitatis,
2495 491 2708 561 Velut

477 622 551 693 in
604 626 1011 714 quaestione
1079 629 1162 697 de
1227 628 1534 710 ratione,
1605 647 1784 717 quae
1851 628 2241 700 intercedat·
2306 628 2489 698 inter
2540 628 2702 700 Liv.

474 761 657 831 XXI
719 768 790 832 et
840 764 1091 852 Polyb.
1157 765 1293 847 ΙΙΙ,
1363 764 1447 846 ii,
1517 765 1638 854 qui
1701 765 1926 852 legem
1993 765 2483 836 Nissenianam
2548 763 2703 833 dili·

474 903 723 985 genter
775 901 1174 983 observant‚
1232 901 1303 971 in
1357 902 1626 971 incerta
1681 902 2102 992 minimeque
2154 900 2551 989 probabilia
2588 902 2703 971 de-

473 1034 659 1122 lapsi
712 1042 894 1106 sunt.
984 1037 1227 1119 Immo,
1284 1038 1708 1128 ubiqumque
1746 1038 2009 1108 similes
2047 1040 2224 1109 duae
2263 1040 2704 1109 narrationes

474 1175 774 1254 exstant,
829 1193 968 1244 non
1020 1175 1263 1245 statim
1308 1176 1562 1244 tertius
1599 1175 1858 1265 aliquis
1911 1175 2215 1264 scriptor
2268 1176 2701 1258 statuenduS‚

471 1310 592 1378 sed
646 1316 890 1380 mutua
954 1316 1031 1380 'et
1093 1311 1479 1382 similitudo
1548 1319 1619 1382 et
1682 1310 2156 1401 discrepantia
2221 1330 2492 1381 summa
2546 1312 2703 1381 dili-

471 1447 711 1535 gentia
789 1450 1297 1536 perscrutanda
1372 1456 1443 1519 et
1512 1451 2018 1539 quaerendum,
2096 1469 2323 1520 nonne
2402 1449 2704 1520 alterum

470 1581 694 1653 altero
748 1603 951 1653 usum
1005 1604 1157 1655 esse
1209 1585 1432 1674 possit
1485 1585 1807 1675 cogitari.
1902 1586 2127 1669 Quam
2178 1585 2425 1673 legem,
2482 1587 2544 1655 si
2596 1592 2705 1658 est

469 1719 599 1805 lex,
653 1719 728 1789 in
761 1720 897 1789 hac
935 1740 1210 1810 quoqu-e
1248 1723 1655 1810 quaestione
1710 1742 1966 1813 sequar
2013 1729 2102 1806 et,
2158 1732 2535 1812 antequam
2571 1725 2703 1793 ali-

470 1854 636 1944 quid
701 1857 786 1928 de
850 1860 1259 1929 auctoribus
1325 1860 1667 1930 coniciam
1688 1914 1703 1942 ‚
1778 1880 1957 1949 quae
2021 1860 2115 1930 sit
2165 1860 2351 1931 ratio
2407 1860 2703 1951 scripto-

469 2012 627 2063 rum
679 1994 934 2066 iterum
988 2016 1338 2084 quaeram.

670 2131 931 2201 Miram
983 2152 1133 2203 esse
1197 2132 1722 2203 similitudinem
1778 2132 1963 2202 inter
2016 2133 2343 2204 Tacitum
2405 2138 2475 2204 et
2532 2133 2694 2203 Plu-

465 2268 789 2339 tarchum
892 2269 1270 2341 identidem
1367 2271 2027 2340 demonstraverunt
2112 2269 2424 2340 homines
2510 2268 2697 2339 docti

465 2404 808 2493 imprimis
844 2406 1322 2490 Wiedemann‚
1353 2408 1583 2488 Peter,
1641 2406 2029 2476 Mommsen
2057 2400 2136 2503 ¹).
2230 2406 2365 2477 Sed
2418 2408 2501 2477 de
2540 2427 2698 2477 con-

465 2562 674 2612 sensu
711 2563 850 2613 non
887 2549 1109 2633 agunt
1152 2544 1288 2617 nisi
1328 2545 1401 2614 in
1443 2544 1847 2615 universum
1886 2548 1957 2613 et
1992 2544 2234 2614 statim
2277 2584 2370 2594 --
2408 2545 2481 2614 id
2519 2545 2703 2634 quod

463 2680 839 2768 praecipue
868 2681 941 2750 in
970 2682 1371 2751 Nissenium
1398 2680 1712 2751 cadit—
1739 2681 1825 2751 ad
1860 2681 2335 2768 quaestionem
2363 2681 2699 2750 leviorem

467 2818 893 2906 transgressi
928 2818 1191 2889 fontem
1220 2837 1420 2906 quem
1452 2817 1811 2887 coniciunt
1839 2837 2267 2887 communem
2297 2818 2697 2886 coniectura

466 2954 773 3042 reperire
828 2956 1129 3025 student.
1222 2954 1564 3043 Equidem
1621 2958 1830 3024 antea
1867 2955 1949 3023 de
1997 2952 2402 3042 quaestione
2438 2951 2695 3039 prima-

467 3090 577 3162 ria
631 3092 977 3179 agendum
1012 3097 1203 3179 puto,
1259 3091 1441 3162 unde
1479 3090 1750 3179 aliquid
1793 3090 2344 3159 redundaturum
2390 3088 2699 3159 arbitror

467 3228 558 3299 ad
620 3228 961 3299 iudicium
1026 3230 1109 3299 de
1188 3229 1560 3299 Plutarchi
1640 3227 1830 3299 vitas
1900 3228 2355 3315 componendi
2427 3227 2701 3298 ratione

468 3364 850 3435 ferendum.
953 3367 1202 3454 Itaque
1255 3364 1700 3434 narrationes
1752 3384 1997 3434 rursus
2053 3364 2407 3433 conseram
2459 3372 2528 3434 et
2580 3363 2703 3434 ubi

469 3507 540 3571 et
593 3522 726 3589 quo
764 3503 966 3571 modo
1022 3507 1148 3571 aut
1201 3502 1643 3572 consentiant
1697 3506 1823 3570 aut
1875 3499 2207 3570 differant
2259 3502 2696 3571 examinabo.

473 3637 654 3707 Sane
709 3637 1013 3707 omnium
1066 3638 1369 3726 primum
1422 3638 1913 3726 inquirendum
1967 3641 2153 3705 esset
2189 3637 2262 3707 in
2314 3643 2699 3725 temporum

471 3774 801 3843 rationes,
908 3774 1165 3844 Verum
1224 3774 1405 3844 enim
1461 3795 1650 3856 vero,
1708 3794 1864 3844 cum
1903 3773 2158 3857 omnia,
2215 3793 2393 3862 quae
2431 3773 2513 3842 de
2566 3773 2700 3843 hac

675 4025 728 4087 1)
797 4024 1176 4077 Mommsen
1228 4042 1282 4093 p.
1333 4025 1435 4076 299
1480 4042 1563 4093 sq.
1648 4024 1732 4077 Ne
1776 4024 2035 4078 Clason
2072 4024 2323 4093 quidem,
2368 4040 2701 4093 quanquam

470 4127 525 4179 p.
576 4109 645 4161 23
697 4126 778 4179 sq.
834 4127 1037 4162 omnes
1089 4110 1250 4163 locos
1305 4115 1698 4179 congruentes
1754 4110 2063 4176 adscribit,
2120 4122 2190 4161 ea
2243 4126 2359 4177 qua
2412 4127 2557 4179 opus
2613 4115 2703 4163 est

474 4193 779 4261 diligentia
813 4195 874 4247 in
909 4212 1257 4249 consensum
1292 4195 1543 4265 inquirit.
