3084 4809
2511 277 2551 345 5

306 480 571 567 quibus
603 479 876 568 aliquid
913 478 1284 561 referatur,
1325 482 1509 569 quod
1547 501 1684 550 non
1723 484 1953 549 exstet
1988 480 2175 568 apud
2204 479 2552 552 Tacitum.

309 616 695 686 Minimam
732 614 955 705 igitur
976 615 1345 687 Plutarchi
1377 622 1652 706 partem
1687 637 1825 687 non
1861 617 2162 705 pendere
2197 636 2240 686 a
2278 616 2550 699 TacitO,

310 757 523 843 atque
580 753 779 824 locos
846 773 999 823 esse
1075 773 1192 823 eos
1259 754 1713 836 demonstrat,
1780 752 1898 843 qui
1964 752 2176 824 facile
2242 772 2329 823 ex
2394 752 2558 823 aliis

313 889 634 960 fontibus
718 889 890 959 oriri
968 890 1341 978 potuerint.
1481 892 1715 979 Atque
1788 910 1940 960 cum
2012 889 2339 960 Tacitum
2407 893 2554 961 tam

320 1027 632 1115 turpiter
661 1026 882 1096 alium
911 1027 1320 1115 scriptorem
1352 1027 1806 1115 exscripsisse
1835 1031 2064 1116 neget,
2094 1026 2557 1097 Plutarchum

313 1184 529 1253 paene
566 1168 801 1233 totum
856 1169 1343 1251 argumentum
1376 1184 1419 1234 a
1443 1164 1693 1234 Tacito
1733 1162 2109 1251 sumpsisse
2138 1162 2551 1233 arbitratur.

322 1301 636 1372 Eandem
690 1300 884 1371 viam
938 1299 1296 1388 ingressus
1362 1305 1469 1371 est
1504 1300 1853 1371 Rudolfus
1907 1299 2200 1388 Lange
2238 1293 2316 1394 ¹).
2390 1300 2556 1370 Sen-

324 1437 580 1520 tentiiS,
630 1456 810 1526 quae
870 1429 1099 1507 adhuc
1145 1439 1546 1526 propositae
1585 1443 1765 1520 sunt,
1807 1436 2230 1508 enumeratis
2284 1456 2553 1507 omnes-

337 1574 772 1646 adversarios
871 1575 960 1645 ab
1051 1573 1367 1644 Hirzelio
1473 1594 1694 1663 usque
1783 1574 1873 1644 ad
1960 1574 2363 1644 Nissenium
2447 1594 2552 1643 re-

338 1710 581 1797 pellere
646 1715 718 1780 et
787 1710 1101 1781 Clasonii
1175 1711 1588 1781 sententiam
1664 1691 1865 1782 novis
1935 1711 2369 1800 argumentis
2439 1711 2555 1781 fir-

351 1866 533 1915 mare
581 1849 829 1918 studet.
954 1848 1089 1918 Sed
1140 1868 1387 1936 parum
1445 1847 1799 1917 commode
1852 1867 1997 1917 rem
2052 1848 2225 1918 mihi
2284 1848 2560 1919 videtur

361 1981 713 2071 adgressus
784 2005 969 2066 esse,
1053 2004 1209 2054 cum
1275 1982 1519 2072 paucis
1600 1982 1775 2054 locis
1847 2003 1884 2054 e
1958 1983 2185 2055 medio
2261 1983 2557 2073 prolatis

286 2163 293 2168 -
349 2117 537 2189 nimis
599 2120 918 2193 universe
997 2120 1280 2191 disserit
1345 2139 1568 2210 neque
1637 2090 1871 2191 omnes
1940 2121 2166 2203 locoS‚
2239 2121 2360 2210 qui
2413 2122 2553 2191 huc

344 2263 682 2344 spectant,
764 2257 1118 2347 explicare
1199 2259 1452 2327 studet.
1587 2258 1781 2328 Idem
1862 2257 2080 2327 efficit
2146 2257 2552 2328 Ludovicus

336 2394 659 2465 Krauss
694 2390 778 2490 2),
837 2395 957 2484 qui
992 2395 1211 2466 multo
1250 2394 1653 2466 accuratius
1690 2395 1967 2485 Langio
2003 2415 2151 2464 rem
2186 2395 2550 2466 tractavit.

331 2531 565 2621 Nuper
644 2532 728 2603 de
807 2536 1011 2620 parte
1105 2531 1254 2601 eius
1337 2530 1889 2601 luculentissime
1969 2531 2117 2619 egit
2194 2533 2243 2603 J
2247 2532 2554 2602 ohannes

331 2668 976 2740 Gerstenecker
1007 2662 1089 2763 3).
1183 2668 1476 2757 Aliquot
1526 2667 1701 2739 locis
1757 2667 2132 2757 diligenter
2184 2669 2556 2757 explicatis

324 2806 643 2878 evincere
715 2811 1043 2888 conatur,
1110 2806 1593 2888 Plutarchum,
1676 2806 1875 2875 cuius
1946 2807 2261 2878 narratio
2335 2807 2553 2876 multo

319 2943 621 3014 ieiunior
671 2943 765 3012 sit
817 2947 887 3013 et
934 2942 1340 3031 saepissime
1394 2943 1647 3013 mirum
1704 2948 2041 3032 quantum
2094 2964 2250 3015 cum
2306 2944 2554 3013 Tacito

319 3086 680 3163 consonet,
737 3080 923 3151 hunc
975 3080 1200 3169 ipsum
1256 3080 1328 3149 in
1382 3079 1695 3150 fontibus
1749 3081 2177 3150 adhibuisse.

523 3217 730 3287 Hanc
800 3217 1249 3299 sententiam,
1335 3236 1512 3305 quae
1596 3217 1668 3286 in
1745 3223 2156 3304 perpetuum
2234 3218 2551 3304 relegata

315 3354 715 3436 videbatur,
769 3373 1165 3442 quanquam
1219 3358 1514 3440 apparet
1574 3351 1917 3440 paulatim
1970 3350 2267 3440 gliscere
2303 3352 2549 3424 latius-

530 3605 578 3668 1)
650 3604 720 3658 R.
745 3604 988 3673 Lange
1026 3603 1133 3672 „de
1160 3602 1363 3657 Tacito
1389 3601 1695 3656 Plutarchi
1731 3603 2019 3656 auctore.“
2056 3601 2196 3656 diss.
2222 3603 2391 3657 Halis
2418 3604 2552 3658 Sax.

317 3692 473 3745 1880.
514 3689 582 3744 cf.
618 3690 692 3743 H.
728 3689 976 3760 Haupt
1011 3689 1184 3760 „phil.
1224 3688 1621 3743 Rundschau“
1661 3689 1790 3743 1881
1828 3687 1968 3742 fasc.
2003 3690 2073 3743 30
2106 3707 2240 3760 pag.
2277 3690 2392 3743 954.

525 3776 580 3839 2)
648 3775 901 3844 Ludwig
943 3775 1222 3829 Krauss
1271 3775 1374 3844 „de
1420 3774 1677 3829 vitarum
1720 3774 2092 3845 imperatoris
2139 3775 2388 3830 Othonis
2435 3776 2551 3830 fide

318 3860 737 3934 quaestiones“
775 3878 968 3932 progr.
993 3861 1225 3934 Bipont.
1266 3862 1412 3916 1880.
1451 3861 1519 3915 cf.
1558 3861 1630 3914 H.
1655 3861 1900 3931 Haupt
1938 3860 2064 3930 „ph.
2098 3861 2204 3914 R.¹·‘
2245 3862 2375 3915 1881
2411 3861 2553 3916 fasc.
2643 3839 2667 3852 “

316 3950 368 4003 8.
407 3967 461 4018 p·
500 3947 670 4099 {gg-J.
709 4033 1155 4088 Gersteneck
1170 4050 1243 4086 er
1290 4033 1425 4101 „der
1458 4032 1648 4102 Krieg
1693 4031 1798 4085 des
1835 4031 1988 4085 Otho
2024 4031 2146 4085 und
2183 4029 2453 4085 Vitellius
2489 4032 2552 4085 in

321 4117 541 4173 Italion
585 4119 689 4172 im'
709 4119 896 4174 Jahre
939 4120 1051 4173 69.“
1103 4119 1307 4189 Progr.
1353 4118 1647 4174 Munchen
1696 4119 1842 4172 1882.
1891 4117 1960 4173 cf.
2008 4117 2256 4174 Schiller
2291 4119 2442 4172 Burs
2478 4119 2548 4173 X.

324 4205 431 4260 Bd.
468 4204 705 4260 XXXII
738 4223 792 4279 p.
829 4206 945 4261 521.
