3084 4809
531 329 623 399 32
2229 331 2314 401 G.
2376 331 2490 413 22,
2545 349 2773 408 22—27.

528 535 985 624 umbramque
1025 536 1261 624 potuit
1312 536 1668 625 appellare
1707 536 2003 618 Galbae,
2062 536 2229 625 quia
2282 537 2374 606 ab
2427 535 2561 605 hoc
2596 536 2778 604 Ver-

528 671 745 759 ginio,
804 692 1008 761 quem
1068 692 1303 742 omnes
1358 677 1795 755 amaverant,
1851 672 2107 742 missus
2176 677 2333 743 erat
2385 691 2771 742 successor.

524 809 759 897 Atque
812 810 998 898 quod
1062 810 1386 899 pergitur
1452 832 1520 883 v.
1584 811 1905 880 22-27
1979 809 2237 905 ἡμέρας
2289 805 2363 880 δὲ
2416 813 2565 900 μιᾶς
2617 807 2767 877 ὁδὸν

525 942 890 1040 ἀφέστηκεν
943 948 1137 1041 ἡμῶν
1193 939 1582 1034 Οὐιτέλλιος,
1634 948 1668 1015 ὁ
1718 952 1836 1042 τῆς
1884 946 2111 1043 ἑτέρας
2153 946 2511 1043 Γερμανίας
2570 945 2770 1042 ἡγού-

522 1104 733 1172 μενος,
804 1084 1048 1179 πατρός
1108 1107 1179 1152 τε
1238 1088 1510 1178 τιμητοῦ
1582 1084 1688 1151 καὶ
1738 1074 1873 1180 τ’ρὶς
1942 1083 2193 1152 ὑπάτου
2264 1084 2609 1176 γενομένου
2663 1083 2771 1151 καὶ

523 1211 840 1314 Κλαυδίῳ
895 1214 1185 1315 Καίσαρι
1250 1222 1485 1316 τρόπον
1552 1220 1690 1290 τινὰ
1756 1218 2204 1316 συνάρξαντος,
2276 1219 2470 1297 αὐτός
2520 1244 2594 1289 τε
2643 1219 2766 1314 τὴν

521 1352 1024 1452 λοιδορουμένην
1118 1353 1218 1424 ὑπ’
1305 1355 1490 1425 ἐνίων
1590 1358 1817 1426 πενίαν
1897 1356 2128 1451 δεῖγμα
2205 1356 2502 1454 λαμπρὸν
2594 1355 2771 1450 ἔχων

520 1493 966 1588 χρηστότητος
1035 1493 1141 1560 καὶ
1213 1492 1815 1589 μεγαλοφροσύνης,
1890 1495 2320 1565 Plutarchus
2398 1476 2771 1566 Vitellium

518 1629 730 1700 unius
794 1629 935 1701 diei
1008 1629 1152 1700 iter
1229 1630 1494 1702 afuisse
1572 1651 1659 1701 ex
1723 1631 1975 1702 Tacito
2043 1652 2102 1702 c.
2179 1632 2298 1715 56,
2376 1633 2468 1701 10
2533 1631 2771 1720 potuit

517 1767 893 1855 conligere,
951 1767 1070 1856 qui
1125 1768 1443 1857 sequenti
1510 1767 1653 1838 iam
1704 1773 1908 1839 nocte
1969 1770 2291 1839 nuntium
2346 1768 2771 1840 defectionis

518 1904 609 1973 ad
663 1903 861 1973 illum
898 1904 1175 1975 venisse
1225 1905 1478 1992 tradit3
1534 1905 1902 1976 Vitellium
1940 1904 2295 1976 inferioris
2334 1906 2774 1977 Germaniae

524 2040 837 2130 legatum
866 2025 1108 2112 'fuisse
1162 2046 1233 2111 et
1285 2059 1410 2130 per
1462 2062 1536 2111 se
1591 2043 1965 2112 constabat
2000 2047 2071 2111 et
2122 2063 2167 2111 a
2205 2042 2455 2112 Tacito
2503 2042 2774 2114 dictum

523 2184 633 2247 est
696 2199 762 2248 c.
842 2178 906 2262 9,
954 2182 1025 2247 .4
1100 2199 1200 2267 sq.
1290 2183 1619 2270 inferioris
1703 2179 2082 2248 Germaniae
2162 2178 2453 2273 legiones
2529 2180 2776 2250 diutius

520 2320 661 2384 siue
738 2315 1070 2385 consulari
1135 2318 1340 2407 ficere,
1429 2314 1626 2384 donee
1705 2321 1907 2384 missu
1992 2313 2232 2385 Galbae
2313 2315 2383 2386 Α,
2485 2314 2761 2385 Vitellius

514 2451 744 2520 aderat
803 2458 873 2522 et
943 2472 1002 2522 c.
1075 2451 1192 2533 52,
1267 2454 1300 2521 1
1374 2449 1493 2521 sub
1561 2457 1740 2543 ipsas
1807 2457 2163 2543 superioris
2226 2458 2390 2521 areni
2450 2449 2753 2522 kalendas

519 2586 888 2658 Decembres
987 2588 1194 2659 Aulus
1296 2556 1579 2659 Vitellius
1677 2590 2042 2683 inferiorem
2152 2587 2561 2658 Germaniam
2655 2594 2760 2658 in-

509 2746 805 2819 gressus,
913 2726 1108 2795 Idem
1174 2725 1400 2814 patris
1453 2725 1729 2796 Vitellii
1794 2724 2177 2813 dignitates
2230 2726 2341 2796 bis
2403 2723 2765 2811 significat

516 2882 575 2933 c.
659 2864 727 2945 9,
815 2864 855 2932 6
939 2867 1220 2931 censoris
1299 2859 1531 2930 Vitellii
1565 2885 1667 2932 ae
1749 2865 1845 2930 ter
1934 2863 2216 2932 consulis
2294 2862 2488 2957 silius.
2549 2865 2619 2929 et
2696 2880 2760 2943 e,
2839 2893 2846 2900 ·

516 3002 634 3083 52,
719 3001 818 3069 23·
892 3020 993 3088 sq.
1090 2997 1333 3068 Vitellio
1406 3003 1540 3068 tres
1609 3002 1826 3091 patris
1912 3001 2338 3090 consulatus,-
2393 3018 2761 3083 censuram,

512 3137 857 3231 collegium
923 3108 1227 3206 Caesaris
1293 3185 1325 3207 .«
1373 3192 1385 3205 .
1449 3191 1464 3206 .
1536 3141 1863 3229 imponere
1939 3136 2379 3233 dignationem
2420 3130 2498 3232 ¹).
2605 3135 2768 3205 Hoc

515 3274 670 3345 loco
724 3274 1028 3360 Fabium
1064 3274 1455 3358 Valentem,
1511 3274 1823 3362 legatum
1859 3274 2129 3361 primae
2164 3273 2485 3362 legionis
2540 3271 2767 3341 Vitel-

514 3410 686 3480 lium
740 3410 1194 3499 instigantem
1248 3409 1444 3492 facit,
1502 3431 1637 3499 quo
1691 3411 2155 3481 Plutarchum
2221 3412 2313 3480 ad
2368 3409 2765 3480 orationem

515 3546 946 3636 fingendam.
969 3551 1387 3617 commotum
1439 3565 1592 3616 esse
1646 3548 1976 3630 arbitror,
2032 3547 2135 3617 ita
2179 3552 2437 3629 tamen,
2493 3553 2573 3615 ut
2620 3565 2768 3616 non

720 3730 769 3796 1)
836 3728 1055 3783 Miru‘m
1101 3733 1216 3799 est,
1265 3727 1421 3799 quod
1465 3727 1842 3798 Plutarchus,
1889 3727 1990 3799 qui
2032 3745 2077 3781 c.
2118 3728 2215 3796 21,
2255 3728 2321 3781 12
2363 3745 2485 3781 non
2530 3725 2774 3782 dubitat·

514 3814 768 3886 Vinium,
806 3813 1029 3873 Galbae
1074 3813 1138 3868 in
1182 3813 1493 3870 consulatu
1546 3813 1850 3884 collegam,
1909 3812 2205 3884 appellare
2248 3807 2612 3889 συνάρχοντα,
2662 3811 2771 3868 hic

517 3899 681 3954 addit
734 3892 937 3976 τρόπον
982 3895 1116 3956 τινά.
1206 3899 1337 3965 Qua
1392 3915 1457 3952 re
1504 3915 1640 3953 eum
1687 3898 1846 3952 aliud
1913 3897 2053 3969 quid
2124 3897 2492 3952 intellexisse
2563 3903 2767 3968 atque,

454 3989 458 3993 “
519 4002 651 4039 cum
723 3984 964 4039 Tacitus
1036 3985 1432 4055 consulatum,
1504 3983 1840 4053 censuram,
1919 3983 2233 4055 collegium
2303 3983 2569 4038 Caesaris
2643 4001 2777 4039 uno

516 4076 718 4126 tenore
763 4077 832 4125 ut
872 4071 988 4125 tria
1033 4088 1279 4125 munera
1327 4070 1571 4138 adferat,
1620 4086 1753 4124 eum
1800 4068 1914 4136 hoc
1955 4069 2109 4124 male
2153 4068 2534 4140 perspexisse
2580 4073 2640 4123 et
2686 4086 2771 4124 ex

459 4223 462 4228 ᾗ
518 4156 767 4226 collegio
832 4156 1101 4212 Caesaris
1173 4155 1520 4210 societatem
1587 4154 1882 4236 quandam
1948 4154 2179 4226 imperii
2237 4153 2435 4209 facere
2495 4153 2771 4210 voluisse

519 4240 799 4312 suspicor.
852 4242 1153 4297 Vitellium
1179 4241 1408 4296 Claudii
1432 4241 1703 4297 Caesaris
1740 4240 1992 4296 amicum
2027 4239 2213 4295 fuisse
2250 4239 2397 4294 satis
2434 4238 2773 4297 constabat..
