3084 4809
512 290 610 359 10

511 494 685 564 satis
758 495 960 564 multi
1031 501 1410 566 occurrunt
1478 501 1550 565 et
1620 517 1664 565 a
1732 495 2056 567 Nissenio
2091 491 2144 593 ¹)
2216 498 2366 586 ipso
2439 498 2738 569 conlecti

508 638 670 700 sunt
755 672 860 713 -,
935 650 1172 701 omnes
1242 631 1581 702 formulas
1664 633 1858 705 velut
1927 636 2095 703 inter
2161 655 2377 703 omnes
2445 637 2739 705 auctores

505 770 754 838 constat
800 768 917 840 vel
977 766 1420 838 celeberrimos
1470 771 1763 838 auctores
1814 737 2015 839 ledbeo
2068 775 2179 841 etc
2230 770 2408 841 fonti
2462 771 2735 866 tribuit,

416 947 422 960 ι
506 905 686 974 fonti
739 905 845 974 illi
913 904 1200 995 egregio
1281 910 1352 975 et
1430 905 1914 994 insuperabili,
1977 906 2155 986 divo
2240 907 2493 977 Plinio,
2601 909 2735 979 Ne-

506 1049 632 1131 gat
701 1029 937 1124 enim,
976 1041 1303 1131 antiquos
1375 1042 1753 1130 scriptores
1823 1062 1949 1130 per
2016 1049 2243 1113 totum
2315 1065 2489 1132 opus
2553 1066 2735 1116 com-

505 1180 740 1268 plures
810 1166 1135 1249 auctores
1230 1180 1673 1261 adhibuisse,
1747 1200 1925 1269 quae
2009 1181 2357 1251 sententia
2435 1184 2524 1252 ab
2597 1203 2735 1252 om-

504 1318 710 1387 nibus
789 1318 940 1388 eius
1025 1318 1494 1388 sectatoribus
1578 1304 1784 1388 'certa
1847 1318 1963 1387 lex
2041 1318 2286 1390 habita
2365 1324 2472 1389 est
2551 1324 2621 1389 et
2691 1340 2734 1389 a

505 1453 744 1524 multis
798 1449 1029 1523 adhuc
1082 1455 1404 1535 habetur,
1461 1455 1583 1524 sed
1636 1459 1873 1524 tamen
1925 1460 1996 1524 et
2049 1455 2235 1524 omni
2282 1455 2733 1526 fundamento

503 1596 700 1661 caret
751 1611 972 1679 neque
1040 1591 1184 1661 ullo
1249 1592 1452 1661 modo
1506 1589 1680 1661 ferri
1731 1597 1966 1679 potest
1987 1585 2073 1687 2).
2180 1593 2331 1675 Quo
2385 1595 2475 1663 ab
2530 1592 2733 1663 initio

501 1728 561 1798 si
613 1727 1144 1816 proficiscimur,
1203 1732 1391 1797 certe
1425 1727 1617 1797 haud
1670 1727 1957 1798 difficile
1994 1733 2101 1798 est
2154 1696 2224 1797 in
2279 1728 2577 1799 fontium
2630 1730 2734 1798 in-

502 1865 878 1953 dagatione
932 1864 1209 1936 versari
1245 1871 1316 1934 et
1367 1864 1597 1934 fontes
1652 1864 1926 1954 aliquos
1982 1865 2517 1935 obscurissimos
2571 1886 2732 1936 con-

501 2001 772 2071 iectura
825 2001 1155 2090 reperire,
1239 2001 1359 2071 sed
1413 2001 1592 2070 nihil
1645 2001 1804 2071 inde
1860 2000 2184 2082 efficitur,
2264 2021 2486 2090 neque
2540 2002 2731 2091 quic-

502 2157 711 2228 quam
763 2140 1141 2212 lucramur.
1252 2138 1468 2208 Aliud
1522 2138 1584 2208 si
1636 2138 1742 2208 rei
1794 2138 2169 2210 tribuimus
2222 2159 2498 2220 nomen,
2547 2124 2728 2207 haec

499 2276 683 2345 ratio
750 2276 928 2359 nihil
994 2275 1189 2346 aliud
1255 2291 1361 2345 est
1386 2331 1402 2359 ,
1472 2296 1681 2365 quam
1736 2276 2187 2365 scriptorum,
2253 2277 2376 2365 qui
2429 2282 2727 2356 exstant,

500 2411 921 2483 obtrectatio
959 2413 1050 2482 ad
1087 2417 1311 2486 artem
1365 2417 1437 2483 et
1481 2412 1828 2483 rationem
1881 2414 2189 2496 redacta,
2246 2434 2484 2483 eorum
2538 2434 2728 2496 vero,

503 2550 625 2639 qui
690 2549 1130 2633 interierunt,
1185 2570 1454 2621 summa
1500 2550 1838 2621 laudatio.
1947 2551 2096 2621 Fac
2133 2552 2336 2634 enim,
2404 2551 2731 2622 Tacitum

499 2707 734 2757 omnes
799 2687 991 2756 locos
1060 2688 1151 2757 ad
1212 2688 1514 2757 aliorum
1583 2687 2005 2776 scriptorum
2056 2689 2277 2757 libros
2332 2692 2729 2775 spectantes

500 2843 587 2893 ex
655 2842 794 2893 uno
872 2822 1054 2893 libro
1136 2824 1626 2912 exscripsisse,
1707 2845 1793 2894 ne
1873 2823 2014 2911 legi
2084 2842 2568 2910 repugnemus
2641 2843 2727 2891 ne

500 2959 716 3030 fontis
784 2960 1061 3049 quidem
1128 2966 1487 3032 auctorem
1548 2962 1937 3050 putandum
2001 2964 2109 3028 est
2170 2959 2399 3047 ipsum
2452 2978 2570 3027 eos
2624 2957 2724 3027 in-

499 3097 828 3185 spexisse,
889 3098 1010 3167 sed
1047 3118 1134 3167 ex
1170 3119 1295 3168 suo
1332 3097 1523 3169 fonte
1563 3095 2051 3185 desumpsisse.
2160 3095 2413 3185 Atque,
2452 3093 2730 3165 etiamsi

498 3234 630 3303 hoc
683 3235 885 3303 modo
951 3233 1173 3305 fatale
1240 3234 1516 3305 facinus
1580 3234 2020 3324 aliquantum
2072 3234 2438 3303 retrudere
2487 3252 2728 3321 possu-

501 3391 688 3453 muS,
759 3376 994 3441 tamen
1059 3373 1437 3461 aliquando
1502 3371 1897 3442 maleficum
1964 3370 2385 3460 deprehendi
2449 3389 2730 3440 necesse

499 3513 625 3584 est,
680 3528 809 3578 nec
862 3507 1232 3597 quicquam
1287 3508 1730 3598 relinquitur,
1804 3485 1941 3576 nisi
1993 3512 2075 3576 ut
2128 3512 2544 3608 statuamus
2602 3506 2729 3575 ali·-
2833 3546 2838 3552 -

704 3777 754 3841 1)
823 3774 1086 3829 Nissen
1120 3792 1175 3846 p.
1211 3774 1312 3830 5⁶25
1347 3779 1432 3845 s'q.
1502 3773 1747 3844 Lange
1785 3789 2016 3843 quoque
2054 3790 2257 3827 omnes
2293 3773 2452 3827 locos
2491 3789 2727 3826 enume-

498 3867 593 3915 rat
626 3879 678 3932 p.
699 3862 781 3932 50,
819 3862 879 3914 51
923 3866 983 3915 et
1019 3860 1151 3915 adn.
1191 3862 1273 3925 96,
1310 3861 1412 3915 ubi
1434 3867 1635 3915 tamen
1659 3877 1764 3930 pro
1790 3859 1836 3928 Ι,
1870 3859 1939 3913 22
1962 3858 2278 3929 legendum
2304 3858 2411 3925 III,
2447 3859 2515 3911 22
2553 3864 2726 3928 atque

497 3947 560 4001 in
597 3947 898 4001 annalium
931 3947 1076 4001 locis
1113 3946 1448 4001 addendum
1481 3946 1619 4016 XII,
1644 3946 1725 3999 24,

701 4051 756 4118 2)
825 4050 1136 4105 Brocker
1197 4049 1446 4120 „Antike
1507 4033 2218 4117 Geschichtsschreibung
2274 4045 2396 4098 und
2452 4045 2729 4101 moderne

501 4135 1052 4202 Quellenforscher“
1106 4135 1425 4191 Gutersloh
1482 4135 1616 4189 1878
1664 4135 1853 4205 primo
1908 4132 2094 4204 capite
2146 4132 2273 4186 iure
2328 4130 2484 4186 hanc
2533 4132 2729 4203 legem

501 4220 794 4291 discerpit.
