3084 4809
469 338 619 410 180

678 545 793 628 17,
834 556 1038 610 10—15
1090 545 1274 618 Otho
1329 547 1663 620 libertum
1716 547 1916 617 abire
1971 548 2187 619 iubet.

837 692 1035 747 18-31
1092 675 1305 754 funus
1359 683 1770 774 diligentius
1826 684 2184 755 describit.

685 819 797 903 18,
851 829 1023 884 9-12
1074 820 1468 891 Pollionem
1521 820 1638 892 vel
1689 820 1925 910 potius
1963 821 2320 892 Plotinum
2374 821 2715 892 nominat.

672 926 1022 1047 Plerique
1056 957 1197 1028 loci
1250 976 1339 1028 ex
1405 959 1647 1029 eodem
1709 957 1905 1029 fonte
1973 958 2113 1030 orti
2182 977 2334 1029 esse
2402 965 2717 1048 possunt,

470 1113 674 1183 quem
728 1093 1024 1165 Tacitus
1077 1094 1406 1194 adhibuit
1457 1095 1682 1168 velut:
1773 1097 1858 1167 G.
1918 1104 2121 1160 19-21
2186 1134 2268 1147 -
2338 1095 2388 1165 h
2447 1098 2511 1178 1,
2593 1097 2719 1184 13;

471 1231 553 1304 Ο.
597 1232 904 1315 2,11—17
955 1272 1028 1281 -
1075 1231 1146 1302 h.
1198 1234 1266 1314 1,
1319 1233 1450 1320 723·
1514 1234 1628 1316 13,
1666 1243 1837 1299 6—43
1883 1274 1956 1283 --
2020 1233 2090 1302 h.
2135 1215 2213 1316 2,
2241 1236 2373 1320 453
2430 1234 2719 1316 16,1-6
2776 1297 2780 1304 .

469 1408 569 1420 --
605 1369 674 1438 h.
720 1369 785 1452 2,
840 1368 970 1457 48;
1036 1369 1148 1453 17,
1188 1380 1386 1435 18—31
1443 1410 1542 1419 -—-
1597 1371 1666 1440 h.
1713 1369 1778 1453 2,
1836 1370 1962 1456 493
2017 1369 2448 1440 Plutarchus
2497 1368 2722 1457 igitur

467 1512 749 1595 praeter
804 1506 1132 1577 Tacitum
1187 1508 1411 1578 altero
1463 1493 1659 1577 fonte
1696 1527 1866 1578 usus
1903 1512 2030 1589 est,
2089 1506 2208 1596 qui
2262 1505 2420 1576 fons
2459 1506 2547 1577 ab
2585 1507 2723 1578 hoc

472 1662 746 1733 quoque
798 1648 1186 1732 usurpatus
1238 1664 1391 1714 esse
1445 1643 1751 1717 videtur.
1859 1643 2251 1714 Nonnullos
2304 1663 2473 1716 vero
2528 1643 2723 1715 locos

470 1801 557 1851 ex
610 1780 821 1852 tertio
859 1786 1152 1852 auctore
1189 1786 1381 1852 ortos
1429 1801 1583 1852 esse
1636 1786 1830 1871 puto,
1887 1800 2091 1871 quem
2146 1781 2440 1851 Tacitus
2491 1780 2720 1869 primo

467 1919 621 1989 loco
660 1938 798 1989 non
836 1925 940 1989 est
978 1923 1293 1989 secutus:
1352 1920 1438 1991 Gr.
1483 1918 1602 2001 23,
1656 1929 1861 2005 3-103
1921 1919 2039 2001 27,
2090 1929 2297 2006 8-15;
2358 1917 2474 2000 28,
2512 1929 2720 2007 6-15;

476 2056 540 2137 9,
597 2073 785 2128 1-12.

671 2193 924 2281 Itaque
971 2192 1156 2263 hanc
1200 2192 1349 2262 fere
1400 2192 1594 2264 viam
1630 2193 2107 2264 Plutarchum
2133 2191 2526 2280 ingressum
2566 2210 2724 2263 esse

466 2334 661 2418 puto.
730 2329 938 2400 Vitas
967 2350 1107 2400 non
1134 2329 1238 2399 ita
1268 2330 1966 2426 componere-coepit,
1995 2334 2076 2399 ut
2102 2347 2337 2400 remm
2364 2328 2723 2399 Romana-

467 2486 625 2536 rum
678 2465 887 2555 plane
952 2466 1247 2555 ignarus
1315 2466 1573 2537 librum
1631 2466 1939 2556 aliquem
1994 2465 2325 2555 eligeret,
2390 2485 2594 2555 quem
2649 2467 2725 2536 in

472 2603 841 2675 scribendo
870 2603 1143 2694 legeret
1170 2609 1242 2674 et
1268 2609 1529 2674 temere
1557 2567 2136 2690 transscriberet3
2193 2602 2315 2674 sed
2342 2608 2726 2692 antequam

469 2741 692 2813 vitam
747 2741 1137 2825 incoharet‚
1199 2741 1473 2830 aliquot
1525 2740 1730 2810 libris
1783 2741 2115 2830 perlectis
2168 2759 2385 2812 unum
2436 2740 2723 2828 potissi—

470 2898 657 2949 mum
712 2883 994 2949 secutus
1062 2885 1171 2949 est
1226 2878 1354 2950 ·vel
1420 2877 1657 2967 potius
1712 2878 1806 2949 ad
1857 2897 2106 2947 manus
2159 2877 2444 2959 habuit,
2516 2897 2725 2966 quem

470 3015 673 3087 modo
754 3015 1134 3105 inspiceret
1211 3017 1415 3086 modo
1497 3014 1834 3085 memoria
1915 3013 2368 3084 exscriberet.
2511 3013 2724 3084 Hunc

469 3154 733 3225 fontem
771 3155 1101 3225 Tacitum
1138 3152 1359 3224 fuisse
1398 3152 1727 3224 arbitror.
1811 3151 2234 3241 Saepissime
2274 3155 2512 3220 autem
2542 3169 2718 3239 quae

470 3311 558 3361 ex
595 3290 760 3361 aliis
798 3290 1264 3380 scriptoribus
1299 3289 1639 3360 memoria
1692 3290 1979 3360 tenebat
2032 3287 2359 3374 inseruit3
2418 3288 2540 3357 sed
2590 3286 2724 3357 hos

470 3447 745 3518 quoque
798 3427 1151 3498 interdum
1204 3426 1320 3498 vel
1375 3426 1560 3497 inter
1613 3425 2061 3497 scribendum
2115 3423 2441 3513 inspexit.
2528 3425 2725 3494 Duo-

467 3584 624 3634 rum
693 3565 1005 3654 vestigia
1075 3564 1427 3635 indicasse
1499 3563 1678 3634 mihi
1750 3562 2030 3645 videor,
2107 3561 2410 3632 fortasse
2480 3560 2726 3649 plures

469 3707 693 3771 erant.
804 3701 1006 3773 Unde
1073 3701 1395 3772 narratio
1465 3699 1698 3772 evasit
1748 3704 1858 3769 tot
1910 3718 1948 3770 e
2000 3698 2372 3788 particulis
2433 3703 2724 3783 tamque

469 3838 768 3909 diversis
824 3838 1131 3909 conflata
1180 3845 1250 3909 et
1293 3844 1441 3909 tam
1498 3838 1803 3910 scienter
1856 3836 2265 3924 composita,
2322 3839 2400 3904 ut
2450 3832 2724 3905 fontem

469 3974 775 4063 aliquem
840 3975 1255 4065 primarium
1322 3974 1544 4045 statui
1611 3993 1752 4043 non
1818 3973 2055 4044 liceat.
2179 3968 2504 4041 Tacitum
2560 3970 2724 4058 qui-

470 4112 625 4181 dem
680 4132 1125 4202 nequaquam
1190 4113 1304 4184 vel
1375 4133 1533 4183 cum
1589 4109 1915 4181 Nissenio
1980 4104 2539 4197 „Hauptquelle“
2601 4109 2724 4179 vel

472 4267 630 4322 cum
667 4246 997 4322 Glasonio
1058 4249 1628 4342 „Grundquelle“
1691 4246 2037 4338 appellari
2089 4262 2292 4336 posse
2347 4245 2718 4318 contend0.
