3084 4809
354 705 383 750 Χ

580 332 672 405 98
2343 330 2426 403 O.
2486 333 2551 410 5.
2591 346 2812 403 15-18.

574 536 684 608 οὖν
757 538 823 607 ἐν
901 531 1220 637 Βριξίλλῳ
1297 538 1484 609 πόλει
1552 545 1672 635 τῆς
1742 533 2011 615 Ἰταλίας
2086 537 2237 634 περὶ
2314 538 2421 607 τὸν
2481 531 2818 632 Ἠριδανὸν

574 673 975 771 ἀπελείφθη,
1035 674 1436 772 στρατηγοὺς
1484 675 1559 748 δὲ
1608 683 1740 746 τῶν
1796 674 2143 768 δυνάμεων
2199 672 2522 768 ἐξέπεμψε
2559 666 2820 770 Μάριόν

571 836 643 881 τε
713 806 971 883 Κέλσον
1034 814 1139 883 καὶ
1202 811 1613 908 Σουητώνιον
1676 809 1994 883 Παυλῖνον
2070 810 2162 881 ἔτι
2237 808 2311 880 δὲ
2379 808 2637 881 Γάλλον
2701 811 2821 879 καὶ

573 945 953 1046 Σπουρίναν.
1050 952 1294 1022 Prima
1329 952 1550 1024 verba
1587 952 1679 1020 ad
1714 949 2193 1041 quaestionem
2232 950 2588 1039 pertinent
2621 946 2818 1019 diffi-

571 1086 927 1159 cillimam.
1020 1088 1448 1159 Plutarchus
1486 1087 1670 1158 enim
1724 1087 1965 1159 statim
2001 1086 2205 1158 initio
2242 1087 2410 1158 belli
2460 1086 2815 1158 Othonem

571 1223 872 1295 Brixelli
923 1225 1345 1300 remansisse
1409 1225 1661 1308 tradit,
1727 1226 1910 1296 unde
1963 1225 2386 1295 Bedriacum
2434 1223 2527 1295 ad
2578 1223 2813 1294 consi-

567 1361 740 1431 lium
794 1381 867 1432 se
906 1337 1345 1450 contulissem
1427 1357 1544 1459 (O.
1589 1365 1655 1445 8,
1696 1362 1739 1432 1
1797 1362 1831 1430 ὃ
1887 1359 1959 1429 δὲ
2001 1354 2231 1431 Ὄθων
2277 1361 2815 1457 παραγενόμενος

569 1497 659 1572 εἰς
710 1490 1143 1596 Βητριακόν);
1224 1518 1360 1588 quo
1413 1503 1702 1588 peracto
1759 1498 2373 1570 Brixellumredit
2425 1493 2544 1594 (O.
2597 1499 2720 1581 10,
2766 1500 2805 1570 1

572 1632 766 1710 αὐτὸς
816 1632 889 1704 δὲ
923 1633 1147 1703 ’πάλιν
1212 1635 1302 1710 εἰς
1366 1627 1702 1732 Βρίξιλλον
1767 1629 2219 1733 ἀνεχώρησε).
2327 1635 2623 1707 Tacitus
2688 1636 2810 1706 ob-

568 1770 842 1842 scurior
903 1776 1038 1842 est:
1115 1772 1184 1843 h.
1243 1775 1331 1855 2,
1404 1775 1490 1842 11
1567 1772 1911 1844 Othonem
1964 1773 2198 1844 Annio
2263 1772 2472 1844 Gallo
2539 1777 2614 1843 et
2675 1774 2800 1844 Ve-

565 1908 810 1979 stricio
849 1908 1200 1999 Spurinna
1235 1910 1643 1999 praemissis
1678 1911 1906 1981 Roma
1940 1909 2333 1999 profectum
2359 1928 2512 1979 esse
2553 1909 2800 1998 refert,

566 2066 626 2116 c.
702 2047 798 2117 32
889 2047 1223 2118 Bedriaci
1314 2047 1607 2118 consilio
1688 2047 2001 2130 interest,
2082 2068 2141 2118 c.
2235 2047 2329 2119 33
2412 2046 2798 2118 Brixellum

567 2184 906 2256 concedit.
1004 2186 1396 2255 Mommsen
1452 2179 1556 2281 (p.
1629 2178 1810 2281 310)
1878 2185 2040 2254 inde
2110 2183 2350 2268 efficit,
2414 2205 2502 2255 ex
2562 2184 2789 2254 Taciti

563 2321 968 2392 narratione
1024 2321 1368 2394 Othonem
1418 2342 1639 2412 usque
1694 2323 1785 2394 ad
1836 2341 2145 2411 pugnam
2182 2323 2370 2412 apud
2415 2320 2782 2393 exercitum

563 2458 783 2530 fuisse
835 2464 908 2530 et
957 2480 1096 2530 non
1147 2458 1287 2530 nisi
1340 2465 1693 2549 postremo
1747 2464 2058 2547 tempore
2113 2460 2353 2549 copias
2406 2457 2786 2548 reliquisse.

563 2596 814 2686 Itaque
850 2597 1224 2669 Plutarchi
1276 2597 1692 2668 relationem
1745 2596 1965 2667 solam
2018 2616 2262 2669 veram
2315 2617 2468 2667 esse
2504 2595 2681 2667 dicit
2727 2600 2799 2666 et

568 2734 898 2804 Tacitum
933 2733 1266 2805 oratorio
1283 2734 1635 2806 scribendi
1673 2753 1928 2824 genere
1970 2735 2256 2805 ductum
2304 2735 2550 2823 arguit
2584 2733 2804 2805 Otho·

564 2890 720 2940 nem
759 2869 1024 2941 afuisse
1061 2872 1152 2941 ab
1190 2869 1507 2941 exercitu
1558 2891 1698 2941 non
1734 2870 1872 2941 nisi
1917 2870 2321 2972 imminente
2355 2871 2625 2961 proelio
2662 2891 2808 2941 me-

563 3028 894 3091 morasse,
935 3028 1068 3099 quo
1097 3008 1256 3097 plus
1284 3007 1559 3081 valeret
1586 3008 2032 3099 imperatoris
2069 3008 2391 3080 absentia
2431 3009 2810 3099 magisque

560 3150 955 3234 appareret,
1007 3150 1348 3236 quantum
1397 3146 1797 3217 detrimenti
1851 3145 2010 3246 inde
2067 3145 2368 3235 cepisset
2420 3145 2808 3218 exercitus

559 3282 882 3354 Heraeus
969 3282 1043 3352 in
1130 3284 1289 3354 adn.
1381 3284 1493 3354 ad.
1586 3283 1655 3353 h.
1705 3286 1815 3366 .2,
1905 3283 2022 3366 33,
2109 3285 2199 3353 11
2273 3284 2564 3356 eandem
2633 3261 2813 3356 ‹100ss

559 3418 821 3489 trinam
899 3418 1290 3509 profitetur.
1438 3418 1606 3525 Sed,
1658 3439 1809 3489 esse
1893 3419 2392 3492 dissensionem
2464 3420 2814 3493 Gersten-

560 3555 770 3626 ecker
796 3550 852 3652 ¹)
898 3561 1087 3628 recte
1134 3562 1369 3645 negat.
1490 3555 1694 3639 Nam,
1744 3556 1957 3627 etiam
1995 3557 2057 3628 si
2093 3557 2386 3628 Tacitus
2448 3577 2813 3647 nusquam

561 3697 802 3782 apert-e
855 3693 1048 3777 dicit,
1092 3691 1448 3772 'Othonem
1503 3693 1747 3764 statim
1800 3693 2003 3765 initio
2057 3693 2226 3765 belli
2279 3679 2578 3792 Brixelli
2604 3691 2607 3700 ’
2630 3693 2678 3764 i.
2739 3699 2829 3795 e.

559 3829 740 3902 citra
805 3830 1081 3901 Padum
1148 3830 1591 3913 remansisse,
1663 3830 1846 3900 idem
1909 3841 2266 3922 nusquam·
2316 3826 2571 3921 prodit,
2636 3850 2814 3904 eum

558 3966 816 4039 flumen
867 3972 1387 4056 transgressum
1434 3968 1544 4039 ad
1612 3967 1996 4039 exercitum
2063 3989 2137 4039 se
2203 3969 2603 4052 contulisse,
2674 3972 2816 4060 qui

760 4184 812 4249 1)
883 4182 1462 4250 Gerstenecker,
1467 4182 1607 4253 ,Der
1639 4181 1754 4238 Kri
1732 4200 1833 4255 leg
1867 4183 1973 4239 des
2008 4184 2164 4240 Otho
2198 4202 2254 4241 u.
2280 4183 2591 4241 Vitellius“
2622 4201 2676 4256 p.
2716 4188 2815 4260 14,
2882 4175 2895 4190 “

559 4268 643 4338 15,
677 4268 762 4338 24,
795 4269 880 4324 25.
919 4268 1051 4327 adn.
1085 4269 1153 4323 41
1191 4269 1366 4327 et50.
