3084 4809
259 335 343 422 G.
401 335 524 418 24,
584 350 742 407 1-6.
2411 331 2506 404 45

261 540 541 616 λοῦντες.
663 534 812 632 μεθ’
898 539 992 606 ὥν
1057 532 1344 614 Ὄθωνος
1445 558 1590 610 nem
1640 535 1981 612 eorundem
2024 534 2368 631 perductos
2397 591 2415 607 .
2450 597 2461 608 .
2494 592 2509 607 .

267 674 725 771 ἀπελεύθερος
769 669 1159 768 Ὀνόμαστος
1197 654 1344 745 ’ἐπι-
1437 677 1653 767 pretio
1730 676 1794 776 οξ
1860 678 2206 767 promissis
2287 678 2516 745 onerat

270 820 511 907 φοιτῶν
539 810 698 889 τοὺς
725 808 845 904 μὲν
863 810 1176 908 ἀργυρίῳ,
1193 809 1343 888 τοὺς
1446 809 1604 882 data
1643 816 1926 905 pecunia
1958 810 2051 882 od
2070 813 2514 906 pertemptan-

275 947 342 1019 δὲ
393 948 608 1020 ἐλπίσι
648 944 1015 1045 διέφθειρεν
1050 945 1196 1044 ,ἤδη
1232 972 1346 1017 σα-
1447 946 1563 1022 dos
1604 947 1901 1041 plurium
1937 952 2189 1022 animos
2217 1001 2233 1018 .
2278 1000 2297 1020 .
2341 1000 2358 1018 .
2401 968 2514 1017 su-

277 1082 467 1181 θροὺς
537 1084 737 1160 ὄντας
814 1085 920 1154 καὶ
999 1083 1348 1176 δεομένους
1447 1105 1713 1178 spen-308
1746 1086 2096 1158 ceterorum
2131 1088 2383 1156 animos
2413 1084 2517 1154 cli-

280 1221 698 1318 προφάσεως.
908 1193 917 1202 ⁸
1000 1294 1005 1300 ,
1449 1225 1656 1293 versis
1704 1217 1973 1296 artibus,
2006 1220 2346 1294 stimulant
2363 1215 2440 1318 ¹).

287 1357 584 1450 Uterque
623 1358 906 1434 eosdem
938 1357 1259 1432 homines
1309 1358 1645 1441 nominat,
1702 1358 1825 1428 sed
1862 1375 2042 1447 quae
2093 1357 2280 1429 ratio
2334 1358 2520 1464 inter

302 1513 406 1565 eos
428 1495 925 1578 intercesserit,
962 1495 1392 1567 Plutarchus
1427 1516 1568 1566 non
1596 1499 1821 1568 curat.
1880 1492 2169 1590 ἀργυρίῳ
2198 1500 2271 1564 et
2306 1493 2522 1566 ἐλπίσι

308 1634 705 1721 respondent
721 1635 938 1725 pretio
964 1635 1027 1702 et
1038 1637 1403 1725 promatis,
1431 1629 1570 1727 ἤδη
1594 1630 1885 1727 σαθροὺς
1911 1631 2523 1725 &vtae-:suspensos

321 1773 557 1840 animos.
658 1769 798 1840 Sed
849 1788 1061 1841 voces
1113 1768 1476 1840 tesserarii
1529 1775 1601 1838 et
1655 1768 1981 1857 optioniS‚
2036 1788 2192 1839 cum
2246 1774 2318 1839 et
2370 1768 2518 1858 ipse

340 1902 425 1971 sit
480 1905 762 1978 Graecus
847 1910 919 1976 et
988 1905 1285 1977 Graecis
1377 1904 1646 1975 scribat
1722 1904 2129 1987 lectoribuS‚
2212 1905 2521 1995 explicat

345 2037 552 2112 addito
599 2039 1125 2118 οὗτω·τελοῦντες
1144 2037 1231 2138 2).

499 2259 546 2322 1)
607 2258 862 2331 Adoptio
914 2255 1075 2314 facta
1126 2264 1219 2313 est
1261 2257 1339 2313 1v
1386 2256 1463 2313 id.
1507 2257 1551 2313 J
1551 2274 1645 2313 an.
1688 2258 1793 2325 (10.
1838 2257 1881 2314 J
1881 2261 2114 2327 annam),
2168 2274 2378 2312 caesus
2431 2263 2523 2313 est

315 2340 480 2398 Galba
507 2345 710 2400 XVIII
733 2344 847 2399 kal.
873 2344 1042 2400 Febr.
1070 2345 1171 2412 (15.
1199 2344 1242 2400 J
1242 2345 1466 2411 anuar).
1531 2343 1807 2399 Heraeus
1833 2342 2073 2414 singula
2097 2342 2520 2399 coniurationis

304 2438 578 2486 momenta
598 2449 705 2503 per
730 2430 997 2503 singulos
1020 2430 1198 2484 huius
1220 2429 1531 2500 quadridui
1552 2429 1679 2484 dies
1706 2428 2062 2485 distribuere
2082 2433 2344 2485 conatur.
2403 2429 2522 2497 Sed

300 2511 514 2571 flustra.
589 2516 741 2572 Adv.
786 2522 915 2571 tum
951 2516 1108 2578 (Tac.
1145 2532 1191 2570 c.
1227 2515 1311 2585 25,
1350 2517 1402 2583 1)
1439 2514 1511 2569 de
1548 2515 1645 2569 III
1678 2514 1755 2570 id.
1791 2514 1834 2571 J
1835 2532 1926 2569 an.
1966 2514 2182 2586 accipit
2227 2520 2288 2571 et
2321 2514 2523 2570 Barbii

300 2600 625 2673 Vetun‘ique
686 2601 1156 2657 machinationes
1220 2600 1283 2655 in
1340 2607 1688 2671 sequentem
1742 2600 1900 2658 diem
1956 2600 2168 2656 cadere
2227 2603 2519 2672 opinatur.

300 2685 415 2754 Quo
437 2686 824 2743 fundamento
847 2687 1075 2742 incerto
1099 2686 1286 2741 utitur
1310 2685 1387 2741 ad
1420 2685 1618 2741 locum
1651 2686 1790 2741 Tac.
1827 2703 1876 2742 c.
1895 2687 1980 2755 26,
2015 2688 2052 2744 4
2087 2683 2517 2759 explicandum,

291 2790 394 2844 quo
437 2774 596 2830 Otho
639 2779 882 2846 postero
924 2772 1130 2828 iduum
1171 2771 1213 2829 J
1215 2788 1307 2827 an.
1355 2770 1452 2827 die
1499 2772 1607 2840 (ita
1638 2771 1908 2828 Wclfflin
1951 2772 2148 2828 locum
2196 2773 2523 2838 constituit)

287 2876 467 2929 paene
517 2860 847 2931 imperator
891 2858 1295 2914 consalutatus
1342 2874 1476 2913 esse
1524 2857 1753 2912 dicitur.
1841 2859 2037 2929 Atque
2085 2869 2325 2925 posterum
2367 2860 2525 2912 iduum

285 2945 394 2997 ἀίω
431 2945 603 3018 ipsas
637 2944 774 3002 idus
809 2961 940 3001 esse
974 2943 1120 3013 vult,
1156 2943 1242 2997 ita
1277 2948 1347 2997 ut
1374 2955 1596 3009 posterus
1630 2943 1928 3013 pertineat
1961 2943 2038 2999 ad
2072 2943 2525 3016 praecedentem

287 3029 448 3086 diem.
530 3030 651 3086 Sed
689 3047 822 3084 cum
855 3028 1053 3086 nullus
1090 3028 1218 3084 dies
1254 3034 1533 3084 accurate
1566 3027 1647 3082 sit
1685 3027 1983 3096 definitus,
2018 3029 2095 3085 ad
2128 3047 2306 3101 quem
2337 3031 2530 3102 possit

288 3117 510 3184 referri,
554 3116 661 3171 issa
706 3114 1016 3187 explicatio
1062 3120 1222 3170 stare
1264 3132 1386 3169 non
1419 3119 1635 3185 potest,
1673 3113 2224 3186 desperandumque
2259 3116 2527 3187 singulos

292 3200 400 3258 dies
440 3202 806 3258 discernere.
885 3201 1077 3268 Quem
1110 3217 1255 3256 vero
1292 3198 1488 3254 adfert
1519 3199 1793 3253 Heraeus
1845 3197 2043 3253 locum
2096 3201 2529 3256 conclamatum

287 3286 389 3344 Cic.
437 3305 558 3361 pro
605 3286 770 3343 Sulla
811 3291 842 3352 ς
887 3287 956 3341 52
995 3298 1236 3353 posterum
1280 3287 1399 3337 diem
1446 3302 1676 3337 nonarum
1723 3284 2073 3353 Novembrium,
2125 3284 2225 3341 hio
2273 3286 2440 3354 locus
2494 3305 2531 3341 a

278 3374 315 3430 J
315 3374 507 3430 ohnio
560 3373 624 3441 (J
624 3372 953 3427 ahrbucher
1006 3373 1139 3428 1876
1183 3371 1370 3444 suppl.
1419 3370 1549 3439 VII,
1584 3387 1639 3442 p.
1676 3370 1799 3439 783)
1842 3375 2006 3425 recte
2053 3371 2381 3443 explicatus
2419 3378 2527 3444 est,

280 3476 313 3513 a
332 3477 455 3532 quo
483 3457 864 3514 Mommsenii
888 3457 1187 3513 sententia
1209 3457 1429 3525 (Herm.
1453 3456 1501 3527 Ι,
1524 3475 1581 3529 p.
1594 3456 1735 3526 433),
1762 3456 2220 3529 quamHera-eus
2245 3458 2528 3530 sequitur,

273 3546 596 3601 refutatur.
674 3543 903 3599 Eadem
953 3542 1363 3616 interpretatio
1417 3541 1516 3598 hic
1568 3559 1802 3615 quoque
1854 3543 2051 3599 locum
2101 3543 2300 3615 habet,
2352 3551 2529 3617 atque

275 3629 726 3702 intellegendus
763 3635 855 3684 est
889 3628 1031 3698 dies,
1067 3629 1168 3701 qui
1203 3628 1336 3683 idus
1372 3634 1613 3685 secutus
1652 3635 1759 3684 est.

490 3742 547 3809 2)
615 3740 833 3797 Nissen
883 3759 939 3814 p.
973 3740 1079 3795 504
1102 3758 1105 3761 ⁴
1128 3738 1433 3795 Plutarchi
1488 3739 1944 3812 explicationem
1992 3734 2224 3817 διοπτὴρ
2267 3739 2532 3812 ineptam

284 3835 347 3884 et
384 3846 468 3885 ex
503 3826 745 3882 nomine
783 3826 1169 3900 speculatoris
1205 3825 1548 3882 coniectura
1582 3824 1913 3881 conlectam
1944 3830 2131 3897 putat,
2159 3832 2222 3882 et
2238 3826 2535 3886 addidisse

276 3931 423 3969 eum
478 3908 791 3987 διάγγελος,
834 3930 971 3968 cum
1015 3912 1418 3984 speculatores
1452 3911 1795 3966 nuntiorum
1837 3928 2083 3966 munere
2129 3910 2362 3967 functos
2400 3930 2532 3971 esse

277 4000 487 4056 sciret.
518 3997 688 4053 *Sed
733 3997 1044 4070 Sickinger
1087 3998 1124 4052 1.
1159 3997 1195 4052 1.
1232 4015 1286 4069 Ρ.
1306 3998 1393 4053 ’85
1425 4002 1589 4053 recte
1631 3996 1976 4052 Nissenium
2008 3995 2319 4067 impugnat
2363 4003 2425 4052 et
2461 4017 2531 4055 eo

273 4085 475 4154 nisus,
510 4085 668 4157 quod
700 4083 853 4139 Plut.
891 4085 958 4144 G
1003 4084 1079 4138 26
1107 4085 1379 4151 speculator
1421 4087 1587 4138 recte
1633 4088 1834 4138 vertat
1872 4081 1981 4137 τῶν
2025 4075 2128 4138 οὐκ
2182 4075 2419 4159 ἀσήμων
2474 4078 2532 4140 ἐν

273 4170 397 4233 τοῖς
444 4164 796 4248 δορυφόροις,
856 4169 988 4241 ipsa
1036 4169 1219 4224 verba
1267 4166 1551 4239 explicari
1598 4166 1924 4239 contendit,
1982 4166 2069 4222 ita
2118 4171 2190 4220 ut
2240 4159 2536 4243 διάγγελος

272 4255 652 4328 respondeat
686 4254 1024 4324 tesserario,
1062 4247 1296 4330 διοπτὴρ
1343 4253 1687 4313 coniectura
1719 4254 1917 4310 factus
1951 4252 2032 4307 sit
2064 4270 2140 4313 ex
2174 4251 2429 4323 optione.
