3084 4809
540 352 683 427 156
951 383 958 388 -
1613 432 1621 441 ,
1932 317 1949 326 ’
2326 352 2408 425 0.
2472 352 2585 437 14,
2620 371 2794 427 -1—4.

540 565 646 632 est
667 555 745 659 ¹).
822 562 1007 647 Quin
1040 561 1231 633 solus
1269 562 1565 635 Tacitus
1602 569 1883 652 postero
1920 562 2033 633 die
2070 558 2494 633 deditionem
2531 559 2797 631 factam

543 719 695 770 esse
731 699 973 771 refert.
1052 699 1478 774 Levioribus
1516 706 1754 771 autem
1798 700 2144 789 neglectis
2180 700 2271 770 ad
2306 698 2513 770 finem
2549 716 2798 788 prope-

532 843 677 919 rat,
715 836 1021 908 fortasse
1050 844 1129 908 ut
1160 858 1369 927 quam
1399 837 1765 910 celerrime
1793 839 1886 908 ad
1916 835 2216 908 Othonis
2243 842 2540 907 mortem
2567 841 2798 906 trans-

542 981 678 1047 eat.
792 976 995 1048 Haec
1041 976 1266 1064 igitur
1312 995 1400 1047 ex
1451 967 1595 1048 alio
1643 975 1840 1047 fonte
1890 975 2118 1064 petita
2172 980 2356 1046 sunt.
2467 973 2604 1059 Qui
2632 972 2799 1043 fons

538 1112 763 1183 fuerit
791 1133 929 1184 11011
961 1113 1278 1193 interest,
1302 1115 1420 1184 sed
1448 1113 1630 1183 nihil
1657 1113 1968 1203 impedit,
1998 1133 2135 1202 quo
2166 1111 2398 1183 minus
2425 1118 2800 1202 utrumque

544 1252 786 1322 eodem
826 1256 1116 1324 auctore
1143 1271 1349 1323 usum
1387 1270 1541 1323 esse
1570 1256 1643 1321 et
1670 1252 1961 1322 eandem
1988 1250 2338 1330 rationem
2366 1249 2802 1322 intercedere

548 1395 926 1480 putemus,⁸
966 1408 1148 1480 quae
1203 1389 1515 1459 occurrit
1582 1390 1670 1461 G.
1732 1389 1825 1460 19
1891 1392 1962 1459 et
2000 1388 2124 1458 -20
2177 1425 2279 1440 --
2331 1387 2401 1462 h.
2477 1388 2537 1470 1,
2601 1380 2799 1483 132).

633 1545 638 1550 ·
673 1551 680 1556 ·
751 1526 925 1616 Gap.
958 1528 1135 1599 XIV
1165 1527 1600 1599 Plutarchus
1632 1526 1925 1599 exhibet
1950 1546 2132 1617 quae
2174 1543 2219 1596 a
2258 1524 2557 1596 Mestrio
2584 1524 2803 1598 Floro

545 1668 632 1736 de
683 1665 953 1755 proelio
1021 1664 1478 1736 Bedriacensi
1547 1663 1847 1735 audivit.
1903 1705 2005 1716 -
2069 1685 2139 1737 v.
2198 1664 2400 1738 1--4
2455 1659 2630 1732 οὕτω
2684 1661 2798 1756 μὲν

547 1798 608 1874 οἱ
659 1802 949 1874 πλεῖστοι
998 1811 1131 1873 τῶν
1184 1802 1734 1899 παραγενομένων
1791 1799 2273 1896 ἀπαγγέλλουσι
2325 1796 2633 1895 γενέσθαι
2678 1799 2785 1895 τὴν

547 1942 792 2037 μάχην.
819 1938 977 2011 οὐδὲ
1013 1939 1198 2011 αὐτοὶ
1234 1948 1472 2036 σαφῶς
1510 1939 1981 2033 ὁμολογοῦντες
2008 1936 2249 2009 εἰδέναι
2274 1938 2356 2009 τὰ
2381 1934 2524 2008 καθ’
2560 1937 2799 2008 ἕκαστα

550 2077 657 2149 διὰ
691 2078 809 2173 τὴν
847 2076 1106 2156 ἀταξίαν
1141 2077 1244 2147 καὶ
1280 2077 1678 2170 ἀνωμαλίαν.
1765 2077 2106 2149 Forsitan
2142 2075 2299 2168 quis
2336 2075 2803 2148 Plutarchum

548 2217 630 2287 in·
698 2236 938 2306 pugna
1016 2215 1478 2287 describenda
1560 2235 1701 2286 non
1780 2216 2034 2287 -Tacito
2114 2234 2320 2287 usum
2407 2231 2559 2286 esse
2637 2214 2806 2284 hinc

552 2355 930 2426 concludat
993 2354 1116 2425 sed
1184 2354 1418 2426 omnia
1485 2355 1589 2425 ab·
1644 2353 1732 2423 iis
1762 2351 2132 2436 hausisse,
2206 2352 2331 2444 qui
2396 2351 2534 2442 ipsi
2586 2351 2805 2422 inter-

554 2492 881 2565 fuissent.
935 2519 942 2530 ·
1004 2492 1181 2563 Cum
1244 2509 1413 2564 vero
1467 2489 1647 2561 nihil
1701 2466 2063 2580 praebeat,
2120 2491 2306 2580 quod
2361 2489 2548 2580 apud
2601 2488 2811 2561 illum

553 2632 1011 2711 desideretur,
1053 2630 1174 2701 sed
1214 2629 1698 2700 narrationem
1734 2628 2044 2699 ieiunam
2081 2627 2496 2700 ieiuniorem
2532 2627 2806 2712 reddat,

560 2768 880 2860 equidem
942 2766 1330 2838 Plutarcho
1345 2801 1366 2862 χ
1399 2765 1611 2837 fidem
1674 2784 1813 2836 non
1880 2765 2128 2848 habe0,
2196 2766 2321 2836 sed
2390 2765 2516 2837 illa
2587 2767 2810 2838 verba

561 2905 1023 2997 oppositionis
1061 2924 1288 2975 causa-
1315 2903 1585 2974 inserta
1622 2922 1893 2987 censeo,
1944 2922 2344 2993 quanquam
2382 2922 2468 2974 ea
2494 2902 2811 2975 fortasse

557 3064 643 3115 ex
670 3043 959 3115 Mestrii
988 3042 1357 3132 conloquio
1387 3041 1709 3131 profecta
1737 3060 1891 3112 esse
1919 3061 2059 3113 non
2084 3039 2517 3131 negaverim.
2575 3039 2811 3131 oppo-

556 3183 662 3252 nit
716 3181 900 3251 enim
954 3181 1259 3270 quodam
1310 3180 1536 3262 modo,
1593 3197 1772 3269 quae
1827 3179 1977 3267 ipse
2032 3177 2343 3272 audivit:

764 3363 814 3432 1)
862 3363 1052 3429 Quam
1073 3362 1145 3417 ob
1166 3379 1293 3415 rem
1312 3361 1526 3415 iniuria
1542 3357 1934 3415 Mommsen
1952 3351 2173 3428 (Herm.
2193 3359 2292 3430 IV,
2313 3345 2438 3428 310)
2458 3365 2520 3414 et
2539 3357 2717 3417 Nis's
2733 3381 2814 3418 en

559 3456 637 3524 (p.
662 3450 784 3516 524)
819 3449 1151 3518 adfirmant,
1186 3447 1458 3504 Tacitum
1475 3447 1869 3518 deditionem,
1906 3463 2058 3518 quae
2095 3463 2260 3502 mera
2294 3441 2509 3501 fuisset
2540 3448 2809 3518 proditio,

561 3537 858 3592 occultare
901 3534 1180 3603 voluisse,
1228 3551 1306 3589 ne
1353 3534 1568 3592 ducum
1612 3533 1773 3588 fama
1817 3532 2226 3602 macularetur,
2272 3549 2309 3586 a
2355 3548 2604 3604 quorum
2640 3523 2815 3604 parte

562 3622 830 3679 stetisset
865 3627 933 3676 ut
970 3607 1360 3692 optimatium.
1418 3622 1498 3675 At
1523 3619 1767 3675 Tacitus
1801 3618 1952 3674 nihil
1986 3613 2407 3690 praetermittit
2442 3623 2546 3673 aut
2579 3620 2820 3689 reticet,

566 3710 674 3768 sed
708 3707 1061 3770 brevissime
1110 3706 1469 3770 deditionem
1516 3706 1784 3762 absolvit.
1854 3706 2070 3762 Utrum
2106 3704 2361 3777 proditio
2397 3704 2577 3760 fuerit
2619 3723 2823 3762 necne

561 3796 662 3851 hic
703 3812 823 3850 non
860 3811 1152 3865 quaeram.
1920 3855 1927 3864 ,

765 3881 820 3945 2)
893 3879 1428 3935 Gerstenecker
1463 3897 1516 3951 p.
1542 3879 1613 3933 56
1650 3883 1710 3933 et
1742 3879 1813 3933 80
1848 3878 1979 3933 adn.
2019 3878 2117 3932 101
2142 3877 2294 3932 haec
2331 3876 2527 3933 omnia
2561 3876 2822 3934 Mestrio

566 3966 740 4022 Floro
780 3965 1075 4033 adscribit,
1125 3984 1258 4021 cum
1296 3982 1409 4038 quo
1447 3965 1800 4020 Plutarchus
1839 3965 1924 4033 (O.
1965 3964 2050 4032 14)
2086 3963 2282 4018 locum
2320 3963 2554 4033 viserat,
2591 3963 2655 4017 in
2695 3981 2823 4035 quo

564 4059 894 4123 pugnatum
940 4058 1046 4107 est.
1132 4053 1304 4108 Certe
1357 4035 1604 4106 necesse
1651 4069 1771 4105 non
1819 4056 1924 4120 est,
1963 4050 2348 4105 Plutarchum
2393 4043 2610 4122 scripto
2647 4050 2824 4106 tonte

564 4154 740 4191 usum
766 4154 914 4209 esse,
951 4138 1058 4193 sed
1080 4144 1208 4193 tum
1231 4138 1543 4193 Mestrium
1566 4138 1825 4192 Florum.
1842 4137 1963 4192 iam
1996 4136 2112 4192 hoc
2146 4136 2339 4209 capite
2362 4133 2822 4193 nominavisset.

568 4222 888 4276 Praeterea
925 4223 1051 4277 eius
1086 4223 1247 4279 modi
1280 4240 1380 4279 res
1415 4224 1613 4296 potius
1650 4224 1868 4295 scripto
1906 4223 2058 4278 fonti
2091 4222 2411 4279 tribuerim.
2472 4221 2643 4291 Quod
2665 4239 2820 4281 vero

570 4307 763 4363 Ger-st.
803 4307 878 4364 ad
913 4308 979 4368 O.
1014 4308 1050 4362 9
1087 4314 1384 4380 provocat,
1419 4309 1714 4366 hoc’nihfl
1751 4316 1857 4365 est.
