3084 4809
588 326 735 398 128
957 357 964 362 ·
1597 326 1603 330 ’
2332 391 2339 396 .
2377 332 2462 407 Ο.
2518 333 2635 416 10,
2675 343 2837 399 1-«6.

790 532 960 622 Gap.
990 533 1062 605 X
1087 553 1230 605 una
1256 535 1329 605 in
1357 554 1433 605 re
1470 534 1712 605 differt
1738 556 1781 605 a
1811 535 2084 619 Tacito,
2129 543 2366 607 cetera
2403 542 2837 627 congruunt.

584 690 652 741 v.
690 672 733 740 ·1
795 670 989 745 αὐτὸς
1024 670 1098 739 δὲ
1134 671 1326 739 πάλιν
1364 673 1457 747 εἰς
1492 665 1651 768 Βρί-
1758 693 1816 744 c.
1849 674 1967 748 33.
2007 675 2095 743 11
2144 675 2513 768 perpulere,
2556 678 2630 745 ut
2675 673 2844 745 Bri—

584 805 789 884 ξιλλον
844 808 1256 904 ἀνεχώρησε.
1756 793 2003 879 arelium
2055 810 2442 882 concederet.

581 944 728 1014 Cur
747 943 931 1015 Otho
961 944 1352 1015 Brixellum
1383 946 1829 1030 concesserit,
1850 947 2282 1018 Plutarchus
2300 969 2439 1018 non
2460 954 2831 1036 memorat,

579 1082 878 1152 Tacitus
911 1084 1152 1153 eodem
1192 1081 1424 1172 capite
1459 1084 2021 1174 altius-exponit.
2090 1086 2215 1155 De
2253 1085 2553 1157 Othonis
2574 1086 2830 1158 'reditu

579 1234 794 1308 supra
847 1219 1229 1308 disputavi.
1302 1219 1308 1231 ⁴
2046 1267 2051 1274 -
2294 1223 2307 1284 ἰ
2762 1299 2770 1306 ,

577 1375 648 1431 V.
705 1358 893 1427 1·--26
925 1359 1253 1427 καὶτοῦτο
1287 1382 1492 1453 προσ·
1602 1377 1662 1428 c.
1721 1357 1839 1441 33,
1904 1361 1991 1428 13
2047 1365 2104 1428 is
2147 1365 2408 1451 primus
2457 1361 2595 1430 dies
2628 1359 2828 1432 Otho-

1602 1501 1839 1565 nianas
1883 1498 2109 1588 parles
2169 1495 2470 1591 adflian't3
2546 1501 2832 1594 nemque

575 1494 977 1591 εξάμαρτών,
1015 1496 1138 1589 οὐχ
1165 1495 1261 1565 ὅτι
1298 1496 1491 1588 μόνον

575 1775 640 1828 111
674 1771 1168 1847 661111111111111111136
1205 1769 1489 1842 scriptum
1513 1770 1702 1830 fuisse
1726 1771 1948 1841 nequit,
1975 1772 2081 1826 sed
2105 1763 2325 1846 ἑτέρους
2361 1778 2420 1827 et
2453 1776 2687 1839 quosdmn
2711 1796 2816 1829 am

575 1871 696 1910 tores
745 1859 857 1913 sibi
902 1858 1260 1934 respondere
1307 1874 1556 1912 necesse
1608 1863 1713 1911 est.
1783 1858 1994 1927 Itaque
2042 1857 2191 1912 nihil
2226 1857 2289 1911 in
2326 1860 2625 1913 communi
2660 1861 2819 1916 fonte

573 1937 857 2016 scriptum
899 1943 1092 1998 fuisse·
1131 1949 1342 2016 potest,
1387 1943 1504 1997 nisi
1541 1932 1689 1996 duas
1729 1942 1961 1997 adlatas
1998 1960 2131 1998 esse
2160 1960 2381 2014 causae,
2420 1945 2632 2015 quibus
2669 1947 2825 2002 Otho

575 2032 651 2086 ad
675 2031 981 2100 consilium
1008 2031 1384 2102 desperatum
1408 2030 1697 2104 adductus
1726 2035 1900 2108 esset,
1939 2035 2114 2104 atque
2141 2030 2477 2086 Secundum
2501 2033 2826 2103 praetoria-

571 2117 665 2170 nis
712 2123 773 2171 et
819 2117 1039 2171 Othoni
1083 2116 1315 2187 culpam
1357 2115 1651 2185 tribuisse,
1698 2116 1846 2169 alios
1891 2119 1991 2181 (sc.
2037 2116 2379 2186 scriptores)
2429 2116 2714 2186 exercitui
2762 2124 2825 2172 et

572 2203 835 2272 ducibus,
872 2219 1018 2273 quos
1052 2201 1194 2256 belli
1215 2201 1497 2256 taederet.
1574 2201 1694 2255 Sed
1717 2200 1780 2254 in
1800 2200 1897 2254 his
1931 2201 2297 2271 multa-sunt,
2322 2203 2477 2273 q'uae
2500 2201 2815 2258 offendant.

569 2288 846 2357 Primum,
896 2306 1029 2342 cum
1051 2288 1280 2342 Plinius
1312 2287 1410 2342 vel
1447 2287 1689 2342 Cluvius
1713 2285 1825 2341 hoc
1849 2287 2069 2341 bellum
2095 2288 2511 2370 describerent,
2535 2287 2811 2342 credibile

571 2393 692 2430 non
729 2382 834 2446 est,
871 2375 991 2431 iam
1026 2381 1154 2429 tum
1188 2380 1277 2428 tot
1310 2374 1492 2428 libros
1529 2374 1779 2445 scriptos
1817 2372 1902 2427 eis
1926 2375 2164 2444 praesto
2198 2373 2402 2444 fuisse;
2441 2373 2643 2429 deinde
2676 2391 2808 2452 yer-

565 2460 707 2516 bum
731 2465 912 2513 invenio
947 2460 1137 2532 prima
1172 2477 1427 2531 persona
1461 2465 1813 2529 usurpatum
1846 2458 1935 2512 illi
1972 2459 2303 2514 sententiae
2339 2464 2645 2531 repugnat,
2688 2459 2811 2514 11161

569 2547 720 2602 forte
764 2547 1058 2612 mendacii
1104 2547 1406 2618 arguimus
1451 2546 1801 2617 scriptorem
1830 2545 2309 2615 celeberrimum
2356 2554 2485 2600 tum
2533 2546 2820 2618 explicari

567 2649 689 2687 non
722 2638 935 2704 potest,
973 2650 1076 2687 cur
1112 2632 1369 2702 Tacitus,
1408 2631 1682 2702 quiquid
1716 2631 1935 2685 milites
1970 2631 2069 2686 vel
2100 2630 2352 2688 fecerint
2385 2632 2484 2686 vel
2519 2632 2819 2703 cogitave-

563 2719 688 2773 rint
709 2735 948 2791 semper
968 2718 1422 2788 diligentissime
1446 2717 1742 2789 respiciat,
1765 2735 1893 2772 rem
1909 2718 2062 2772 tanti
2081 2718 2365 2772 momenti
2385 2718 2622 2773 silentio
2648 2733 2820 2790 prae-

565 2806 810 2872 terierit,
837 2805 888 2859 si
911 2822 980 2859 re
995 2822 1142 2859 vera
1165 2803 1227 2857 in
1245 2805 1524 2874 primario
1549 2804 1676 2857 eius
1694 2803 1859 2857 fonte
1882 2803 2102 2858 tradita
2122 2810 2274 2872 erat3
2300 2804 2556 2876 denique
2577 2805 2820 2864 dubium

559 2898 745 2958 esset,
769 2898 968 2946 utrum
997 2909 1038 2945 a
1056 2890 1354 2945 communi
1370 2896 1612 2944 auctore
1641 2890 1850 2944 Celsus
1871 2893 1947 2943 an
1971 2890 2254 2945 Paulinus
2274 2891 2614 2946 nominatus
2642 2896 2812 2961 esset,

562 2983 743 3048 atque
794 2974 1176 3031 statuendum
1218 2975 1385 3029 illum
1432 2975 1553 3030 iam
1595 2975 1782 3030 fuisse
1829 2976 2094 3031 Sallustii
2141 2977 2640 3047 amantissimum3
2677 2995 2818 3034 nam

560 3063 728 3118 illam
746 3063 826 3117 de·
844 3063 1014 3118 bellis
1045 3061 1316 3118 civilibus
1331 3062 1526 3117 Taciti
1547 3062 2108 3133 disputatiunculam
2128 3081 2163 3116 a
2181 3062 2461 3117 Sallustio
2485 3063 2818 3134 profectam

569 3167 708 3206 6666
727 3147 882 3215 (Sall.
905 3151 1030 3205 Cat.
1054 3147 1176 3204 init.
1205 3150 1372 3221 impr.
1400 3167 1445 3205 c.
1474 3151 1582 3214 11.)
1607 3166 1780 3203 nemo
1808 3154 1914 3219 est,
1940 3149 2040 3219 qui
2062 3155 2251 3220 neget.
2282 3178 2342 3192 -ι
2368 3150 2586 3204 Contra
2607 3167 2817 3206 omnes

567 3236 948 3291 difficultates
977 3235 1384 3307 expediuntur,
1411 3235 1465 3289 si
1488 3253 1523 3289 a
1558 3235 1874 3290 Plutarcho
1898 3239 1962 3290 et
1985 3234 2189 3290 Tacito
2213 3234 2654 3305 proficiscimur,
2692 3253 2816 3289 non
2868 3270 2873 3274 -

563 3339 602 3377 a
635 3322 806 3393 vagis
846 3322 924 3377 de
955 3322 1216 3376 tontibus
1251 3321 1626 3378 coniecturis
1711 3321 1879 3387 Quae
1912 3321 1997 3375 de
2042 3320 2429 3391 praetorianis
2473 3327 2533 3376 et
2566 3321 2815 3378 Othone

561 3409 788 3480 profert
832 3408 1210 3477 Plutarchus,
1255 3405 1318 3461 in
1352 3406 1502 3461 libro
1539 3407 1739 3477 aliquo
1771 3406 2029 3477 invenit,
2052 3406 2156 3461 ubi
2189 3407 2495 3462 Secundus
2531 3407 2814 3464 laudatus

568 3495 935 3565 erat;·lquem
970 3494 1186 3548 librum
1221 3510 1352 3556 ‹nen
1385 3493 1577 3563 primo
1614 3493 2060 3547 adhibuitlocO.
2103 3493 2243 3547 .His
2280 3493 2530 3548 alteram
2564 3493 2819 3564 opponit

563 3581 914 3635 relationem
945 3579 994 3636 'a
1040 3579 1245 3634 Tacito
1289 3579 1555 3651 petitam,
1604 3597 1781 3650 quam
1822 3580 1923 3633 hic
1965 3580 2124 3650 apud
2166 3580 2455 3650 quosdam
2492 3580 2816 3649 scriptores

559 3662 889 3724 invenerat».
963 3667 1153 3720 Taciti
1175 3666 1350 3721 enim
1385 3671 1585 3720 aetate
1620 3666 1838 3720 multos
1875 3666 2064 3720 fuisse
2101 3666 2554 3721 commentarios
2592 3666 2664 3720 de
2699 3666 2819 3721 hoc

564 3751 718 3806 bello
732 3750 886 3806 satis
907 3752 1186 3806 credibile
1208 3759 1313 3822 est,
1353 3768 1499 3822 quos
1537 3752 1777 3806 Tacitus
1816 3757 1976 3806 certe
2012 3752 2298 3823 inspexit;
2333 3752 2395 3806 in
2429 3752 2819 3807 Plutarchum

564 3836 724 3893 idem
759 3838 960 3893 valere
995 3855 1115 3900 nqon
1152 3837 1517 3894 crediderim.
1592 3837 1710 3891 Sed
1745 3855 1876 3891 cum
1913 3837 2152 3892 Tacitus
2186 3838 2262 3892 ab
2286 3837 2817 3908 illisscriptoribus

565 3913 714 3978 iure
742 3924 1070 3994 dissentiat,
1117 3923 1469 3978 Plutarchus
1515 3923 1631 3977 hac
1677 3924 1986 3978 occasione
2034 3924 2369 3978 hominibus
2414 3925 2569 3978 bona
2616 3924 2820 3978 studia

563 4006 864 4064 triduendi
906 4009 1291 4066 libentissime
1336 4009 1522 4063 utitur
1570 4015 1630 4064 et
1674 4005 1869 4063 Taciti.
1910 4027 1956 4064 c.
2003 4011 2074 4065 38
2117 4009 2400 4082 adiungit.
2481 4011 2615 4077 Qua
2642 4009 2712 4068 -in
2747 4029 2815 4065 re

565 4096 852 4150 memoria
897 4095 1083 4150 falsus
1129 4096 1368 4151 Celsum
1424 4094 1693 4150 nominat
1737 4113 1857 4150 non
1908 4095 2237 4164 Pau-linum.
2318 4097 2482 4163 Quae
2528 4096 2811 4151 &ersten-

553 4181 765 4235 ·ecker⁹
773 4199 828 4252 p.
857 4177 946 4235 ‚46³
961 4187 1022 4236 et
1042 4182 1110 4237 47
1134 4181 1207 4236 de
1231 4179 1569 4235 nominibus
1592 4181 1837 4235 mutatis
1872 4181 2110 4253 profert,
2135 4182 2441 4252 argutiora
2462 4187 2604 4237 sunt
2626 4199 2811 4252 quam

565 4266 812 4324 veriora.
