3084 4809
327 327 416 400 Ο.
480 329 547 412 3,
595 346 815 402 25-33.
2471 330 2565 402 85

326 535 658 606 Tacitum
694 534 929 608 omnia
965 535 1308 609 delevisse
1344 536 1724 618 contendit,
1779 536 1963 608 unde
2000 535 2346 617 Othonem
2381 534 2567 612 inter

326 678 647 742 senatum
712 676 788 742 et
854 673 1189 761 popu-lum
1254 672 1651 763 militesque
1718 671 2100 752 fluctuasse
2125 717 2136 752 ;
2166 678 2561 763 appareret.

324 808 441 878 Ex
494 808 878 880 Plutarcho
914 829 1084 882 vero
1131 809 1204 880 id
1240 809 1499 899 optime
1537 810 1811 881 elucere
1833 815 2105 882 censet.
2199 810 2338 881 Sed
2373 810 2566 881 nullo

321 945 480 1016 iure
504 945 953 1034 paucissimis
979 946 1191 1018 huius
1217 947 1455 1019 verbis
1491 952 1765 1018 tantam
1792 947 2046 1018 tribuit
2072 946 2238 1035 vim.
2295 947 2567 1019 Milites

322 1083 508 1153 enim
563 1081 910 1154 Othonem
960 1083 1310 1156 amavisse
1357 1090 1428 1154 et
1473 1083 1932 1173 optimatibus
1967 1082 2240 1154 diffisos
2275 1104 2428 1155 esse
2481 1105 2568 1155 ne

320 1220 620 1296 Tacitus
675 1219 951 1309 quidem
1008 1221 1272 1294 omittit·
1324 1216 1426 1316 (11,
1484 1223 1554 1302 1,
1614 1220 1730 1303 80,
1791 1220 1832 1291 9
1879 1223 2103 1307 fremit
2154 1219 2338 1292 miles
2393 1274 2408 1291 .
2471 1275 2485 1292 .
2547 1276 2563 1292 .
2612 1205 2632 1218 ’

316 1360 632 1450 tanquam
707 1409 727 1427 .
802 1410 816 1427 .
891 1410 906 1425 .
977 1361 1435 1440 ammentum
1504 1377 1565 1427 c.
1637 1330 1756 1439 85ss
1825 1357 1864 1440 7
1932 1356 2232 1450 maligna
2283 1377 2443 1429 cura
2495 1363 2565 1428 in

316 1514 553 1582 omnes,
613 1514 775 1586 quos
827 1492 1129 1566 nobilitas
1163 1496 1278 1564 aut
1309 1515 1460 1586 opes
1496 1497 1621 1563 aut·
1659 1493 1885 1598 =aliqua
1918 1498 2206 1590 insegnis
2240 1493 2560 1565 claritudo

318 1628 688 1712 rumoribus
736 1628 1087 1723 obiecerat)
1145 1632 1266 1702 sed
1319 1651 1476 1706 cum
1525 1630 1869 1716 omnibUS,
1917 1651 2096 1721 quae
2133 1631 2404 1722 aliquid
2439 1653 2563 1705 va-

322 1769 496 1853 lent,
570 1767 904 1857 prolatis,
942 1768 1236 1844 lectoris,
1262 1769 1685 1852 committat,
1757 1779 1839 1839 ut
1872 1839 1876 1846 ,
1905 1769 2249 1842 1111110111111
2319 1769 2563 1853 faciat,

336 1904 755 1976 Plutarchus
817 1905 967 1994 ipse
1032 1906 1333 1995 quodam
1396 1907 1599 1977 modo
1653 1905 1940 1977 lectoris
1994 1906 2154 1996 agit
2198 1912 2441 1995 partes
2495 1913 2566 1978 et

345 2060 501 2131 quae
563 2042 864 2114 Tacitus
916 2063 1067 2118 ,non
1119 2043 1257 2113 nisi
1310 2043 1565 2113 leniter
1619 2040 1975 2132 significat
2027 2043 2223 2120 molli
2275 2045 2563 2132 exponit

321 2179 778 2269 loquacitate.
860 2169 969 2251 Ac
1005 2200 1160 2254 cum
1197 2199 1457 2252 novam
1490 2201 1631 2250 11011
1666 2179 1947 2251 adferat
1982 2181 2088 2251 rei
2122 2181 2370 2265 lucem,
2409 2181 2561 2252 eius

314 2318 503 2388 modi
562 2316 1062 2398 additamentis
1111 2337 1554 2407 nequaquam
1603 2316 1929 2401 efficitur,
1986 2318 2203 2390 alium
2240 2318 2321 2402 exi,
2341 2317 2562 2394 fuisse

310 2454 603 2526 fontem.
676 2454 1096 2532 Numerum
1122 2499 1127 2506 -
1150 2454 1638 2528 centurionum
1687 2474 1735 2524 3
1787 2426 2131 2532 militibus
2169 2455 2560 2530 occisorum

311 2594 404 2663 311
459 2591 606 2662 3110
664 2597 954 2666 auctore
994 2591 1281 2680 petivit.

309 2752 380 2803 v.
424 2728 727 2800 25—28
756 2728 860 2797 καὶ
886 2725 1243 2819 πυθόμενοι
1276 2725 1422 2823 παρ’
1457 2727 1643 2823 αὐτῷ
1747 2749 1810 2799 c.
1867 2730 2008 2816 81,Ἴ
2046 2733 2082 2800 1
2134 2732 2278 2802 erat
2326 2726 2559 2799 Othone:

311 2866 593 2947 δειπνεῖν
692 2862 1085 2960 ὀγδοήκοντα
1182 2863 1644 2960 συγκλητικοὺς
1746 2864 1987 2940 celebre
2037 2872 2390 2946 convivium
2414 2871 2561 2959 pri-

313 3004 629 3100 ἐφέροντο
723 3001 887 3099 πρὸς
962 3001 1045 3071 τὰ
1124 2999 1420 3099 βασίλεια
1438 3054 1455 3086 ,
1534 3006 1643 3070 νῦν
1748 3001 2030 3082 maribus
2061 3005 2325 3097 feminis
2367 3009 2557 3076 viris·-

318 3141 532 3238 ιαιρὸν
554 3138 716 3210 εἶναι
741 3137 1035 3233 λέγοντες
1054 3138 1120 3207 ἐν
1146 3137 1365 3235 ταύτῷ
1392 3137 1644 3214 πάντας
1746 3159 1887 3231 que.

311 3278 573 3348 ἀνελεῖν
628 3275 777 3352 τοὺς
830 3271 1168 3372 Καίσαρος
1218 3273 1586 3367 πολεμίους.
1678 3267 1686 3371 Ι

309 3415 700 3486 Numerum
754 3414 1047 3485 Tacitus
1104 3433 1193 3486 ne
1253 3412 1371 3483 hic
1423 3412 1702 3502 quidem
1757 3418 1982 3484 curat.
2065 3414 2338 3503 Pergit
2389 3415 2555 3487 Plu-

307 3553 637 3623 tarchus:

521 3710 590 3759 V.
624 3686 920 3759 28—-39
978 3689 1025 3781 ἡ
1060 3683 1177 3778 μὲν
1215 3682 1327 3755 οὖν
1362 3683 1548 3761 πόλις
1583 3684 1938 3763 ὧςαύτίκα
1974 3684 2554 3783 διαρπαγησομένη

315 3821 606 3921 θόρυβον
659 3822 805 3918 εἶχε
856 3822 1079 3910 πολύν,
1149 3821 1217 3891 ἐν
1270 3819 1343 3892 δὲ
1394 3826 1527 3898 τοῖς
1596 3820 1939 3920 βασιλείοις
1990 3822 2159 3918 ἦσαν
2214 3821 2557 3919 διαδρομαὶ

311 3962 426 4031 καὶ
476 3961 585 4031 τὸν
639 3954 918 4033 Ὄθωνα
988 3958 1165 4054 δεινὴ
1234 3956 1719 4056 κατελάμβανεν
1790 3958 2048 4057 ἀπορία.
2152 3957 2557 4058 φοβούμενος

311 4097 443 4194 γὰρ
497 4096 660 4196 ὑπὲρ
715 4105 846 4168 τῶν
890 4096 1152 4196 ,ἀνδρῶν
1188 4096 1381 4173 αὐτὸς
1430 4096 1515 4190 ἧν
1570 4094 1854 4193 φοβερὸς
1907 4096 2181 4182 ἐκείνοις,
2232 4098 2340 4170 καὶ
2390 4097 2553 4195 πρὸς

312 4236 512 4307 αὸτὸν
541 4235 1026 4332 ἀνηρτημένους
1065 4235 1247 4331 ἑώρα
1270 4240 1421 4311 ,ταῖς
1459 4233 1681 4328 ὄψεσιν
1719 4232 2038 4314 ἀναύδους
2072 4235 2176 4304 καὶ
2210 4235 2550 4333 περιδεεῖς,
