3084 4809
277 344 354 416 G.
411 343 522 426 22,
580 362 726 415 1-9.
2396 338 2486 409 29

272 546 637 617 tributorum
720 550 979 640 partem
1068 549 1129 617 et
1207 544 1460 637 publice
1560 545 1828 616 donatos
1911 552 1981 615 in
2067 547 2493 641 ignominiam

272 688 573 755 evercitu-9
625 681 957 754 iactabant
999 690 1070 753 et
1117 704 1176 754 c.
1233 683 1348 765 53,
1405 684 1494 753 11
1549 703 1651 772 sq.
1716 682 1974 753 Treveri
2020 705 2097 752 ac
2147 680 2493 777 LingoneS,

273 831 539 915 quasque
640 820 812 889 alias
838 809 865 840 ⁸
906 822 1194 889 civitates
1306 816 1631 889 atrocibus
1732 820 1952 889 edictis
2051 822 2169 888 aut
2261 816 2497 887 damno

272 958 484 1053 finium
559 954 771 1027 Galba
827 957 1213 1049 perculerat,
1279 954 1568 1026 hibernis
1630 957 1959 1052 legionum
2003 962 2279 1049 propius
2345 960 2496 1024 mis·

282 1099 500 1166 emetur.
628 1095 816 1165 Sane
910 1114 1256 1183 nusquam
1355 1099 1597 1182 aperte
1699 1094 1905 1176 dicit,
1998 1094 2118 1182 qui
2201 1111 2246 1163 a
2330 1092 2497 1161 Vin-

287 1232 421 1303 dice
469 1232 852 1315 stetissent,
921 1251 1040 1301 eos
1093 1233 1409 1313 donatOS,
1466 1236 1535 1300 et
1591 1230 1711 1319 qui
1761 1230 2026 1301 Neroni
2095 1228 2301 1299 fidem
2356 1248 2497 1298 ser-

293 1375 568 1453 vassent,
628 1368 1027 1457 increpitos
1065 1387 1244 1438 esse:
1301 1369 1422 1437 sed
1471 1368 1605 1438 hoc
1641 1388 1727 1437 ex
1765 1387 2033 1437 conexu
2067 1365 2500 1437 narrationis

298 1511 461 1575 recte
508 1505 821 1595 conlegit
883 1505 1251 1594 potuitque
1307 1505 1684 1593 conligere.
1742 1544 1840 1556 —-
1896 1505 2259 1588 Quartum,
2316 1504 2500 1592 quod

300 1639 692 1714 Plutarchus
745 1661 1006 1730 magna
1060 1641 1459 1730 eloquentia
1513 1642 1766 1725 adfert,
1806 1643 2001 1712 deest
2052 1642 2239 1730 apud
2293 1641 2498 1711 Taci-

309 1781 456 1847 tum.
542 1778 738 1850 Fieri
788 1784 1040 1868 potest,
1108 1782 1192 1849 ut
1241 1779 1377 1848 hoc
1428 1778 1570 1849 alio
1635 1778 1896 1867 scripto
1950 1777 2145 1848 fonte
2207 1777 2500 1862 nitatur,

322 1917 396 1978 ut
432 1913 678 1985 Krauss
731 1916 910 1998 vult,
967 1916 1090 1985 sed
1146 1916 1386 1985 eodem
1435 1914 1588 1984 iure
1635 1914 1937 2010 cogitari
1985 1914 2171 1997 licet,
2221 1916 2503 1985 Plutar-

333 2046 524 2132 chum,
577 2052 682 2140 qui
727 2052 1078 2123 interdum
1130 2050 1289 2141 plus
1341 2071 1566 2140 aequo
1615 2051 1906 2122 inducat
1958 2052 2235 2135 color-iS,
2291 2052 2363 2121 id
2416 2037 2533 2123 de'

317 2202 425 2254 suo
454 2188 778 2262 addidsse.
871 2189 1027 2259 Hoc
1065 2208 1146 2259 eo
1181 2187 1337 2261 veri
1375 2188 1677 2258 similius
1731 2195 1856 2272 est,
1897 2191 2081 2279 quod
2132 2188 2328 2259 haec,
2360 2210 2501 2260 non

309 2320 443 2409 ipse
488 2325 655 2396 dicit
706 2327 827 2397 sed
880 2325 1140 2395 milites
1193 2326 1505 2395 dicentes
1558 2325 1754 2408 facit,
1800 2346 2038 2416 neque
2072 2335 2187 2396 res'
2240 2345 2338 2396 ea
2377 2331 2505 2410 est,

297 2478 482 2546 quam
533 2482 620 2533 ex
674 2462 936 2552 scripto
991 2462 1185 2533 fonte
1249 2462 1581 2532 haustam
1652 2482 1804 2531 esse
1869 2471 2151 2533 necesse
2218 2463 2342 2533 sit..
2397 2481 2504 2515 ·--

292 2593 518 2670 Omnia
569 2600 798 2690 igitur
850 2619 1028 2689 quae
1083 2605 1248 2669 sunt
1299 2599 1601 2669 alicuius
1647 2599 2000 2683 momenti,
2056 2601 2243 2688 apud
2297 2600 2504 2671 Taci-

285 2737 416 2804 tum
467 2742 774 2820 exstant,
828 2736 968 2806 nisi
1023 2737 1203 2825 quod
1259 2736 1689 2806 Plutarchus
1744 2756 1828 2807 ea
1878 2756 2017 2807 uno
2065 2736 2219 2806 loco
2274 2736 2526 2807 adfert·

274 2871 748 2963 militibusque
774 2872 1047 2944 tribuit.
1113 2872 1355 2942 Etiam
1383 2873 1445 2943 si
1472 2894 1904 2944 communem
1932 2874 2195 2945 fontem
2234 2879 2503 2944 statua-

272 3028 430 3095 muS‚
496 3012 885 3082 tenendum
957 3015 1064 3080 est
1129 3009 1202 3080 in
1255 3029 1336 3079 eo
1404 3009 1582 3080 haec
1634 3009 1979 3099 dissipata
2021 3010 2285 3081 -fuisse,
2343 2975 2350 2978 .
2393 3011 2506 3081 Ab

279 3149 443 3219 omni
502 3146 696 3222 enim
748 3146 1251 3236 probabilitate
1306 3146 1661 3229 abhorret,
1719 3147 2048 3218 Tacitum
2086 3165 2263 3237 quae
2318 3149 2505 3236 apud

271 3292 630 3357 auctorem
682 3283 1059 3354 coniuncta
1111 3281 1496 3353 invenisset
1531 3284 1708 3353 adeo
1763 3283 2150 3354 diffudisse.
2251 3283 2505 3373 Itaque

262 3420 703 3495 Plutarchus
756 3420 908 3491 eius
961 3418 1151 3490 modi
1192 3409 1396 3489 'fonte
1448 3438 1620 3491 usus
1688 3440 1840 3491 esse
1905 3420 2208 3505 videtur,
2279 3421 2526 3510 qualis

221 3565 355 3630 est
392 3558 745 3640 ‘Tacitua
801 3577 1004 3647 quem
1060 3565 1184 3627 suo
1240 3556 1538 3627 arbitrio
1594 3558 1919 3631 mutavit,

463 3696 727 3767 Cetera
780 3714 1054 3785 quoque
1107 3693 1258 3782 ipse
1312 3693 1623 3782 disponit
1674 3699 1746 3765 et
1797 3696 2288 3767 subtilioribus
2343 3716 2510 3786 neg-

242 3833 459 3906 lectis
501 3852 729 3921 neque
784 3832 1214 3920 superiorem
1253 3835 1324 3902 et
1358 3831 1762 3902 inferiorem
1811 3832 2251 3921 provincia-m
2286 3841 2527 3923 neque·

197 3970 625 4068 ‘exercitus
678 3969 1076 4059 distinguit.
1167 3968 1600 4059 Accipienda
1653 3976 1890 4040 autem
1927 3975 2092 4041 sunt
2139 3970 2374 4042 omnia
2428 3972 2512 4041 de

238 4107 632 4200 superiore
696 4107 1033 4190 exercitu,
1102 4107 1267 4196 quia
1327 4105 1588 4195 ubique
1640 4106 2121 4178 Hordeonium
2173 4108 2512 4179 Flaccum

238 4244 609 4327 nominat,
679 4244 1064 4333 superioris
1126 4243 1533 4333 provinciae
1611 4241 1948 4333 legatum.
2081 4266 2147 4323 v.
2211 4247 2507 4319 10-12
