3084 4809
504 299 545 369 6

500 469 632 593 que
698 524 997 593 serpere,
1050 508 1285 575 tamen
1336 509 1612 575 tantum
1649 507 1869 590 abest,
1924 513 2005 577 ut
2056 507 2145 576 ab
2201 508 2519 579 omnibus
2572 527 2727 595 pro-

497 641 722 723 betur,
777 646 857 710 ut
909 662 1127 731 usque
1182 642 1273 712 ad
1325 642 1511 713 hunc
1547 643 1729 713 diem
1781 663 1920 714 non
1973 643 2341 727 defuerint,
2400 643 2519 733 qui
2572 663 2727 714 eam

498 797 585 848 ne
639 778 924 867 dignam
979 778 1256 867 quidem
1308 784 1661 868 putarent,
1745 797 1923 869 quae
1975 780 2428 863 refutaretur,
2510 781 2630 850 sed
2683 801 2728 852 a

499 915 854 985 contrario
900 915 1098 988 velut
1142 915 1595 987 fundamento
1651 916 2041 987 certissimo
2095 917 2725 1007 proficiscerentur.

500 1051 699 1136 Quod
765 1052 849 1121 de
917 1051 1303 1123 Sickelio
1343 1047 1400 1149 ¹)
1470 1053 1683 1136 valet,
1758 1054 1877 1143 qui
1928 1075 1995 1143 p.
2060 1056 2147 1124 11
2220 1054 2393 1125 dicit
2451 1055 2727 1144 „Argu-

499 1187 751 1259 mentis
791 1188 964 1260 nihil
1021 1189 1216 1260 dubii
1268 1189 1826 1279 relinquentibus
1884 1244 1897 1260 .
1958 1244 1974 1261 .
2036 1244 2049 1260 .
2106 1191 2246 1263 viri
2301 1191 2491 1262 docti
2545 1212 2727 1262 com-

496 1327 905 1415 probarunt,
972 1347 1385 1397 consensum
1446 1327 1646 1397 illum
1716 1323 2166 1397 manifest-um
2219 1348 2478 1412 eorum,
2548 1348 2728 1417 quae

493 1457 848 1552 prioribus
884 1463 1345 1535 historiarum
1396 1463 1601 1534 libris
1639 1443 1931 1536 Tacitus
1985 1464 2302 1549 referret,
2359 1486 2515 1536 cum
2552 1465 2725 1538 vitis

500 1600 771 1671 Galbae
826 1605 896 1671 et
950 1599 1244 1672 Othonis
1299 1621 1343 1671 a
1395 1600 1782 1671 Plutarcho
1838 1602 2212 1691 descriptis
2267 1623 2346 1673 eo
2402 1602 2728 1674 effectum

500 1757 671 1820 esse,
728 1738 912 1826 quod
963 1757 1049 1807 ex
1085 1738 1323 1807 eodem
1359 1737 1553 1808 fonte
1589 1743 1861 1826 partem
1898 1740 2273 1809 maximam
2310 1740 2727 1828 hauserunt;

495 1874 1042 1963 discrepantiam
1089 1873 1465 1958 exstitisse,
1522 1894 1681 1945 cum
1729 1845 1798 1945 et
1834 1875 2016 1947 alter
2052 1855 2276 1947 altero
2315 1876 2724 1966 diligentius

496 2017 858 2083 auctorem
902 2032 1332 2083 communem
1383 2012 1952 2102 transscripserit
2006 2019 2076 2083 et
2128 2014 2307 2083 alios
2360 2020 2727 2102 praeterea

492 2156 817 2221 auctores
910 2150 1202 2220 Tacitus
1307 2149 1712 2236 adhibuerit
1791 2154 1921 2220 etc.
1949 2152 1981 2184 “
2152 2150 2417 2221 Eodem
2522 2150 2722 2219 modo
2805 2160 2814 2167 ·

492 2287 923 2358 Beckurts
953 2280 1036 2376 2),
1069 2306 1225 2357 cum
1263 2305 1442 2375 quae
1481 2286 1576 2356 sit
1627 2285 1927 2357 fontium
1961 2287 2146 2358 ratio
2176 2287 2266 2357 ad
2301 2307 2413 2356 res
2450 2285 2723 2355 Vitellii

493 2423 997 2514 pertinentium
1051 2423 1348 2514 quaerit,
1389 2423 1766 2512 scriptores
1816 2446 1943 2513 pro
2000 2429 2189 2495 certo
2244 2425 2459 2494 habet
2510 2423 2726 2495 maio-

493 2556 641 2632 re‘m
708 2566 981 2650 partem
1051 2581 1139 2631 ex
1206 2580 1342 2631 uno
1414 2561 1791 2650 eodemque
1859 2561 2051 2632 fonte
2113 2561 2471 2651 petivisse,
2528 2580 2731 2652 quem

498 2718 622 2769 suo
679 2698 970 2788 quisque
1038 2698 1298 2769 iudicio
1363 2691 1533 2769 usus
1590 2704 1792 2781 esset,
1848 2700 1951 2768 ita
2003 2704 2085 2768 ut
2136 2705 2425 2786 excepto
2481 2698 2728 2768 Cassio

494 2835 722 2905 Dione
774 2855 973 2905 nemo
1027 2855 1324 2924 usquam
1378 2836 1467 2906 ab
1523 2836 1664 2905 alio
1717 2835 2050 2923 penderet
2079 2828 2164 2922 3).
2285 2832 2730 2902 Hermannus

500 2992 773 3061 quoque
829 2970 1220 3041 Schiller
1249 2966 1343 3068 4),
1401 2991 1610 3062 quam
1664 2970 1831 3040 olim
1881 2967 2242 3058 professus
2293 2974 2402 3039 est
2456 2950 2725 3038 sentenss

701 3241 751 3306 1)
823 3238 1150 3295 Guilelmus
1196 3237 1440 3293 Sickel
1490 3238 1595 3307 „de
1638 3236 1899 3294 fontibus
1948 3254 1984 3291 a
2028 3236 2232 3292 Cassio
2268 3236 2461 3292 Dione
2497 3237 2560 3292 in
2595 3255 2730 3293 con-

502 3325 826 3381 scribendis
858 3325 1036 3380 rebus
1066 3325 1205 3379 inde
1243 3343 1278 3379 a
1304 3324 1539 3380 Tiberio
1573 3341 1762 3396 usque
1797 3324 1873 3379 ad
1895 3329 2147 3379 mortem
2170 3323 2392 3378 Vitellii
2418 3324 2729 3380 adhibitis“

501 3411 637 3466 diss.
679 3410 998 3482 Gottingae
1036 3411 1186 3465 1876.

705 3514 759 3580 2)
828 3512 1163 3568 Ferdinand
1214 3513 1565 3568 Beckurts
1629 3528 1764 3579 „zur
1828 3510 2260 3577 Quellenkritik
2314 3511 2419 3566 des
2474 3511 2730 3583 Tacitae,

502 3599 724 3654 Sueten
759 3599 881 3653 und
920 3598 1159 3654 Cassius
1195 3597 1330 3653 Dio:
1374 3597 1479 3652 das
1514 3595 2018 3666 Vierkaiserjahr“
2056 3596 2523 3667 Braunschweig
2560 3598 2705 3652 1880.

699 3703 753 3769 3)
826 3701 894 3755 cf.
930 3702 1288 3756 Beckurts
1323 3718 1377 3772 p.
1413 3701 1448 3754 2
1485 3705 1547 3754 et
1579 3698 1714 3753 ibid.
1756 3698 1885 3753 adn.
1925 3700 1972 3768 1,
2007 3699 2111 3753 ubi
2144 3700 2319 3771 plane
2354 3700 2733 3755 Mommsenii

498 3795 848 3860 argumenta
898 3788 1140 3860 repetit,
1194 3804 1327 3842 cum
1382 3786 1538 3857 apud
1589 3784 1974 3840 Plutarchum
2025 3786 2213 3840 multa
2265 3784 2519 3839 inveniri
2572 3785 2730 3857 dicit,

497 3892 648 3946 quae
675 3874 832 3945 apud
856 3873 1124 3929 Tacitum
1150 3873 1557 3928 desiderentur
1581 3872 1688 3927 sed
1709 3877 1834 3926 tam
1869 3877 1994 3926 arte
2020 3871 2341 3926 cohaerant
2366 3888 2498 3924 cum
2535 3877 2733 3928 cetere

497 3961 851 4030 narratione,
887 3965 955 4014 ut
990 3978 1061 4014 ea
1107 3976 1180 4014 ex
1224 3959 1340 4015 alio
1382 3959 1544 4014 fonte
1590 3958 1853 4013 inserata
1899 3974 2031 4012 esse
2068 3956 2317 4027 cogitari
2350 3962 2620 4027 nequeat.
2660 3959 2730 4014 cf.

504 4046 886 4101 Mommsen
919 4064 974 4117 p.
1010 4046 1125 4105 315..

692 4150 747 4215 4)
820 4148 1132 4203 Schiller
1179 4147 1568 4217 „Geschichte
1596 4146 1700 4200 des
1738 4144 2075 4200 romischen
2096 4106 2508 4199 Kaiserreichs
2539 4151 2713 4200 unter

490 4234 595 4288 der
629 4233 975 4305 Regierung
1011 4234 1115 4288 des
1149 4234 1338 4288 Nero“
1374 4233 1577 4288 Berlin
1599 4232 1749 4286 1872.
1783 4248 1837 4302 p.
1858 4232 1943 4285 23.
