3084 4809
564 347 704 417 122
2314 346 2395 418 Ο.
2455 347 2520 429 8,
2579 363 2803 424 10-18.

763 552 876 621 Ex
910 550 1298 641 provinciis
1334 552 1765 625 Plutarchus
1803 553 2236 624 Delmatiam
2273 553 2538 623 omittit
2572 571 2802 641 neque

557 688 867 760 Orientis
902 690 1249 761 rationem
1284 689 1528 779 habet3
1579 711 1758 780 quae
1796 692 1880 761 de
1916 690 2404 781 magnitudine
2440 689 2800 760 exercitus

555 827 748 908 dicit,
805 827 1210 898 coniectura
1264 828 1697 916 adsequitur.

555 1002 623 1052 V.-
655 981 955 1052 10—12
1002 979 1077 1051 ἂν
1111 979 1220 1051 τὸν
1258 983 1455 1051 αὑτοῦ
1485 1005 1670 1077 περι·
1778 1002 1837 1052 c.
1881 981 1997 1064 32,
2049 985 2091 1051 3
2147 983 2625 1076 festz'natimaem
2675 979 2799 1051 leo-

555 1100 720 1196 μένῃ
747 1101 982 1195 wlff*-
1014 1099 1184 1170 ἀλλὰ
1213 1100 1306 1196 μὴ
1336 1107 1674 1197 στρατηγῇ
1778 1114 2004 1205 stibus,
2060 1137 2304 1186 moram
2349 1122 2512 1210 ipsis
2548 1118 2794 1189 utilem.

555 1219 719 1315 πρὸς
768 1220 876 1289 τὸν
928 1228 1056 1290 τῶν
1109 1220 1461 1314 πολεμίων.

759 1375 1189 1447 Plutarchus
1254 1396 1401 1446 rem
1463 1376 1721 1447 iterum
1798 1395 1923 1465 per
2000 1374 2448 1464 negationem
2517 1388 2799 1464 quoque

556 1513 908 1602 exprimit.

755 1671 823 1720 v.
890 1650 1188 1719 12—14
1260 1648 1333 1718 οὐ
1398 1648 1519 1744 γὰρ
1594 1646 2024 1746 ἀμβλυτέροις
2088 1672 2163 1744 γε
2224 1646 2598 1745 χρήσεσθαι
2651 1650 2803 1718 τότε

551 1793 684 1862 τοῖς
734 1789 843 1854 νῦν
895 1783 1242 1883 θαρροῦσιν
1298 1781 1404 1855 ἀπ’
1465 1784 1847 1870 ἐλαττόνων,
1902 1784 1978 1855 ἂν
2031 1785 2333 1862 πλείονας
2367 1785 2519 1862 τοὺς
2555 1785 2787 1880 ἀγωνι-

554 1923 865 2017 ζομένους
940 1920 1421 2026 προσλάβωσιν,
1508 1921 1641 1992 ἀλλ’
1739 1923 1807 1992 ἐκ
1892 1925 2266 2021 περιουσίας
2353 1922 2800 2017 ἀγωνιεῖσθαι.

554 2062 1147 2132 Verbosissimum
1183 2061 1317 2131 hoc
1372 2067 1478 2130 est
1531 2061 2089 2132 additamentum
2142 2061 2365 2151 ipsius
2402 2061 2797 2143 Plutarchi,

557 2199 677 2290 qui
727 2199 1029 2269 fort-asse
1075 2217 1157 2269 eo
1209 2197 1593 2287 perductus
1648 2204 1775 2281 est,
1835 2199 2021 2287 quod
2075 2198 2456 2270 Proculum
2496 2199 2794 2268 militum

559 2335 1007 2407 alacritatem
1060 2334 1353 2404 laudare
1406 2335 1653 2405 tradit.
1780 2337 1785 2346 “

555 2512 622 2561 v.
702 2490 990 2559 14-17
1058 2487 1161 2557 καὶ
1230 2487 1435 2586 χωρὶς
1493 2470 1575 2558 ’δὲ
1680 2510 1738 2560 c.
1810 2489 1928 2573 32,
1984 2489 2078 2560 16
2147 2493 2310 2580 ipsis
2373 2493 2587 2560 omnia
2637 2509 2798 2579 opu-

553 2627 783 2696 τούτου
837 2624 954 2719 τὴν
1025 2623 1354 2722 διατριβὴν
1410 2625 1574 2693 εἶναι
1679 2625 1853 2694 lenta
1938 2646 2007 2697 V.
2100 2628 2197 2696 10
2289 2624 2801 2717 transpadanam

552 2764 715 2859 πρὸς
750 2763 967 2833 αὐτῶν
1004 2761 1071 2831 ἐν
1108 2759 1417 2856 ἀφθόνοις
1450 2766 1575 2830 πᾶ-
1684 2760 1937 2832 Italiam
2012 2818 2026 2832 .
2102 2818 2116 2832 .
2198 2817 2214 2834 .
2300 2769 2437 2855 ipso
2517 2764 2807 2831 transita

556 2926 651 2969 σιν
714 2900 941 2982 ὄντων,
1010 2897 1275 2973 ἐκείνοις
1344 2894 1418 2967 δὲ
1468 2897 1576 2966 τὸν
1679 2902 2001 2969 excercitus
2081 2871 2397 2982 vastam}
2448 2920 2576 2968 non
2646 2900 2803 2991 frn-

552 3039 781 3134 χρόνον
818 3036 1090 3133 ἀπορίαν
1118 3032 1415 3131 παρέξειν
1441 3042 1575 3103 τῶν
1681 3039 1958 3106 mentum
1996 3058 2267 3130 nsquam
2305 3039 2621 3108 ewercitm'
2663 3029 2803 3131 (sc.

556 3164 917 3267 ἀναγκαίων
956 3170 1023 3241 ἐν
1061 3171 1346 3267 πολεμίᾳ
1380 3170 1577 3241 καθε-
1676 3168 2045 3270 hostium),
2101 3196 2215 3244 nec
2261 3177 2609 3244 accercitum
2663 3177 2811 3242 sine

557 3312 865 3406 ζομένοις.
1259 3281 1263 3290 ’
1681 3287 1889 3402 copiis
1933 3313 2204 3380 retineri
2247 3332 2450 3402 posse.

762 3464 1049 3538 Paulini
1104 3466 1491 3535 orationem
1539 3463 1972 3535 Plutarchus
2026 3463 2169 3534 iam
2224 3464 2579 3535 concludit
2630 3484 2812 3535 non-

557 3602 790 3687 nullis,
858 3622 1037 3692 quae
1093 3600 1387 3672 Tacitus
1454 3570 1707 3684 adfert,
1778 3598 2321 3689 praetermissiS,
2378 3601 2575 3671 velut
2625 3606 2810 3671 tem-

467 3735 477 3745 ’
554 3745 849 3830 pestate,
905 3743 1175 3821 senatn,
1231 3738 1449 3820 Pado,
1508 3738 1786 3827 oppidis
1840 3737 2132 3808 munitis
2187 3743 2319 3807 etc.

558 3900 626 3949 v.
685 3878 779 3947 17
791 3877 985 3947 -18
1058 3878 1261 3943 ταῦτα
1331 3873 1583 3968 λέγοντι
1688 3895 1745 3945 c.
1811 3874 1925 3957 33,
1990 3878 2023 3945 1
2069 3872 2405 3945 accedebat
2455 3876 2816 3944 sententiae

559 3993 873 4090 Παυλίνῳ
977 3987 1230 4089 Μάριος
1325 3989 1585 4069 Κέλσος
1693 4009 1953 4080 Paulini
2003 4008 2249 4081 Marius
2311 4010 2559 4082 Celsus,

560 4113 814 4209 ἐγένετο
871 4113 1241 4209 σύμψηφος.

563 4253 685 4323 ubi
738 4253 1020 4323 nomina
1076 4271 1351 4341 quoque
1403 4257 1476 4321 et
1529 4251 1948 4339 cognomina
2003 4251 2140 4321 sibi
2192 4253 2632 4342 respondent.
