3084 4809
33 0 42 370 l

33 543 36 588 t

33 4691 214 4776 f

320 299 410 371 O.
482 302 550 382 4,
606 318 824 373 11—21.
2477 302 2568 371 91

317 507 686 587 Ν13301110,
734 507 855 596 qui
899 527 967 595 p.
1011 505 1102 577 51
1117 509 1151 575 1
1193 504 1525 578 Tacitum
1562 504 1955 577 communis
1982 506 2295 576 auctoris
2330 526 2574 576 narra-

318 645 599 715 tionem
652 664 698 712 a
749 643 1138 714 Plutarcho
1190 642 1601 732 diligentius
1671 647 2074 732 expressam
2139 643 2577 713 contraxisse

320 785 564 871 putat,
619 780 963 870 imprimis
1018 799 1105 850 ex
1158 784 1472 849 extrema
1507 777 1867 869 particula
1897 780 2269 850 Plutarchi
2305 780 2575 850 110011-

319 919 465 1008 ligi
537 917 754 989 licere
825 915 1288 988 concesserim
1309 971 1325 1000 ‚
1396 918 1535 987 sed·
1589 918 1830 987 eodem
1876 917 2059 987 iure
2113 918 2576 989 Plutarchum

318 1055 572 1127 Taciti
646 1057 867 1127 verba
932 1054 1327 1125 extendisse
1395 1054 1628 1128 dicere
1680 1072 2095 1142 ¹pessumum
2158 1055 2340 1125 nihil
2376 1037 2576 1125 ,0111111

317 1194 495 1266 novi
586 1192 827 1275 refert,
935 1170 1149 1282 atque
1252 1191 1526 1281 aliquot
1629 1191 1771 1260 iam
1859 1190 2257 1266 invenimus
2360 1191 2573 1275 10003,

317 1332 445 1402 ubi
524 1330 715 1401 idem
797 1329 1138 1404 studium·
1186 1333 1467 1400 secutus
1544 1328 1620 1397 in
1697 1327 2006 1398 errorem
2052 1328 2391 1418 delapsus
2444 1335 2576 1400 est.

330 1468 632 1558 Singula
702 1467 911 1556 plane
982 1466 1369 1537 concinunt
1421 1468 1682 1558 (neuter
1742 1465 1918 1558 falso
1977 1499 2059 1533 τ·-
2124 1463 2221 1534 οὐ’
2254 1461 2573 1563 ψευδῶς),

334 1608 444 1676 sed
515 1604 955 1676 Plutarchus
1026 1602 1260 1674 omnia
1329 1601 1658 1674 diffusius
1725 1609 2036 1673 enarrat·-
2063 1609 2148 1674 ··et
2213 1604 2287 1674 in
2351 1604 2579 1676 maius

343 1742 635 1820 extollit.
760 1741 868 1811 Eo
936 1746 1213 1810 tantum
1276 1759 1443 1811 vere
1497 1738 1855 1822 differunt,
1908 1741 2095 1830 quod
2147 1742 2576 1814 Plutarchus

360 1880 679 1952 Othonem
753 1876 1139 1968 provinciis
1210 1876 1352 1946 iam
1418 1876 1511 1945 ad
1578 1895 1652 1946 se
1719 1878 2078 1948 conversis
2114 1855 2420 1949 litteras
2484 1880 2576 1949 ad

355 2017 701 2089 Vitellium
755 2015 1052 2085 dedisse
1115 2012 1310 2095 dicit,
1384 2031 1567 2083 cum·
1608 2013 1906 2084 Tacitus
1973 2011 2167 2086 illius
2232 2015 2337 2086 rei
2383 2025 2575 2086 men-

334 2155 591 2226 tionem
656 2150 886 2222 ·faciat
954 2171 1012 2222 0.
1092 2151 1131 2220 7
1140 2151 1225 2232 4,
1310 2139 1691 2240 antequam
1760 2151 1846 2222 de
1923 2152 2309 2241 provinciis
2380 2159 2572 2243 agat.

329 2292 464 2363 Sed
520 2292 658 2362 hoc
710 2307 850 2359 non
901 2275 1187 2359 'mirunit
1242 2303 1489 2358 rursus
1520 2288 1710 2358 enim
1744 2288 2066 2362 videmus
2111 2289 2576 2362 Plutarchum

325 2450 449 2501 suo
522 2427 797 2499 arbitro
864 2444 978 2495 res
1044 2430 1410 2495 conectere
1436 2419 1513 2521 ²).
1623 2426 1710 2495 In
1774 2425 2124 2510 communi
2177 2427 2369 2498 fonte
2422 2428 2576 2499 31110

325 2566 544 2639 dubio
600 2565 781 2634 haec
834 2564 1073 2634 eodem
1129 2561 1371 2632 ordine
1421 2561 1635 2651 atque
1671 2582 1716 2632 a
1753 2563 2006 2635 Tacito
2042 2565 2312 2635 tradita
2348 2571 2570 2638 erant.

531 2783 586 2849 1)
657 2781 1013 2876 Beckurts
1066 2798 1121 2851 p.
1174 2717 1258 2834 38
1281 2723 1502 2834 311112
1549 2779 1792 2853 gravius
1837 2739 2095 2838 offendit.
2176 2783 2372 2862 Negat
2417 2785 2576 2844 enim

321 2868 613 2925 credibile
654 2881 803 2935 0330,
840 2859 1150 2935 Othonem,
1188 2855 1507 2936 antequam
1542 2856 1620 2921 de
1651 2861 2090 2938 provinciarum
2125 2861 2335 2924 ammis
2361 2870 2578 2925 certior

320 2957 521 3011 factus
559 2958 739 3023 esset,
793 2958 962 3012 tanta
998 2969 1132 3008 cum
1165 2950 1383 3024 fiducia
1416 2950 1658 3018 Vitellio
1694 2952 1984 3007 obsistere
2011 2971 2223 3018 ausum
2250 2972 2425 3032 0330
2440 2957 2574 3014 Ita-

321 3059 434 3114 que
474 3041 541 3094 in
579 3037 876 3094 communi
910 3054 1085 3108 quem
1122 3037 1331 3091 statuit
1363 3037 1525 3111 fonte
1551 3037 1642 3090 bis
1671 3055 1799 3091 rem
1823 3038 2009 3093 fuisse
2033 3027 2334 3094 narratam
2362 3021 2577 3118 conicit

330 3134 383 3183 et
419 3131 568 3182 ante
616 3130 676 3180 et
716 3127 852 3196 post
895 3122 1256 3193 provincias
1253 3103 1772 3191 commemorataS,
1809 3125 1986 3194 atque
2024 3108 2311 3181 suetonio
2344 3125 2426 3182 Ο.
2444 3130 2497 3182 8
2516 3134 2578 3184 et

325 3212 538 3269 Cassio
573 3211 765 3265 Dione
801 3210 991 3278 64,10
1022 3211 1131 3277 (per
1165 3211 1468 3262 internuntios
1504 3227 1564 3259 ac
1601 3210 1784 3260 littera-s
1830 3222 2084 3262 consortem
2118 3213 2306 3278 imperii
2333 3232 2574 3280 9011013711-

318 3319 413 3367 que
452 3317 506 3350 se
553 3297 745 3348 Vitellio
788 3298 955 3347 obtulit
998 3299 1059 3348 et
1093 3289 1124 3349 ὁ
1170 3286 1232 3348 δὲ
1267 3280 1471 3348 Ὄθων
1530 3289 1626 3350 καὶ
1669 3288 1750 3370 μὴ
1781 3285 1975 3350 ἔπειθε
2020 3290 2112 3351 τὸν
2148 3279 2475 3353 Οὐιτέλλιον
2519 3289 2579 3362 ἐς

318 3377 616 3440 κοινωνίαν
667 3363 844 3436 αὖτὸν
891 3378 990 3455 τῆς
1051 3374 1238 3456 ἀρχῆς
1279 3372 1549 3441 πολλάκις
1592 3377 1991 3456 παρακαλῶν)
2012 3377 2187 3437 nisus)
2227 3384 2575 3455 suspicatur,

320 3471 519 3543 primo
566 3467 861 3544 Othonem
907 3470 1241 3522 consortem
1285 3463 1519 3538 imperii
1567 3483 1633 3521 se
1677 3467 1980 3538 obtulisse,
2018 3468 2230 3526 deinde
2244 3472 2576 3552 superbius

320 3553 566 3611 Vitellio
601 3535 919 3621 obstitisse,
946 3569 1015 3606 ac
1040 3552 1309 3607 Tacitum
1336 3552 1584 3627 alteram
1605 3570 1732 3607 rem
1759 3554 1943 3608 altero
1971 3554 2099 3610 1000
2124 3556 2423 3640 proferre.
2460 3547 2577 3612 Sed

321 3642 474 3696 illud
521 3644 936 3711 argumentum
980 3638 1129 3706 nihil
1163 3635 1338 3694 valet.
1418 3639 1588 3707 Nam,
1626 3639 1677 3693 31
1712 3640 1841 3710 quis
1880 3639 2060 3695 alium
2096 3630 2396 3698 deterrere
2431 3644 2575 3713 vult,

323 3743 702 3797 nequaquam
733 3742 880 3794 opus
907 3729 1012 3788 est,
1037 3729 1302 3794 praesto
1313 3724 1370 3779 ei
1394 3742 1526 3782 esse
1552 3743 1694 3797 opes
1712 3725 1795 3781 ad
1818 3725 1880 3781 id
1900 3723 2061 3797 quod
2082 3728 2228 3784 velit
2253 3747 2576 3800 exsequen-

324 3814 484 3868 dum.
566 3811 919 3878 Coniectura
962 3827 1104 3868 vero
1149 3810 1485 3882 Beckurtsii
1533 3818 1627 3868 est
1662 3812 2112 3885 contortissima,
2150 3820 2210 3876 et
2243 3815 2576 3880 mirandum

328 3905 509 3969 esset,
558 3897 876 3968 scriptores
920 3896 1007 3950 ita
1056 3896 1309 3951 alterum
1356 3897 1604 3960 alteram
1645 3915 1773 3952 rem
1816 3887 2304 3970 praetermisisse.
2386 3902 2574 3958 Multo

326 3984 655 4056 simplicius
684 3982 1002 4047 difficultas
1029 3983 1354 4053 expeditur,
1393 3984 1446 4037 si
1467 3985 1653 4037 unum
1676 3983 1861 4038 fuisse
1886 3985 2218 4042 litterarum
2243 3991 2575 4044 sei-monem

327 4071 437 4126 sed
456 4070 606 4124 duas
629 4069 818 4125 fuisse
842 4069 1163 4124 relationes
1185 4070 1514 4139 statuimuS,
1536 4087 1784 4156 quarum
1803 4088 1984 4126 unam
2007 4072 2248 4127 Tacitus
2262 4075 2572 4146 receperit,

325 4176 361 4212 a
398 4173 515 4228 quo
553 4173 684 4210 eam
718 4155 1074 4209 Plutarchus
1108 4155 1371 4212 hauriret
1408 4161 1467 4210 et
1495 4155 1610 4236 alio
1636 4145 1781 4212 1000
1801 4141 2061 4230 poneret,
2101 4159 2350 4216 alteram
2384 4162 2575 4216 secuti

327 4242 450 4298 sint
485 4242 803 4296 Suetonius
840 4247 901 4296 et
936 4241 1175 4296 Cassius
1210 4242 1340 4296 Dio.
2068 4251 2072 4260 '
