3084 4809
331 323 413 393 G.
472 323 588 407 21,
637 337 825 393 8—15.
2456 324 2548 395 25

329 526 652 616 exprimit
715 526 974 600 verbis.
1029 569 1131 577 —
1181 528 1430 616 Pergit
1482 550 1550 603 v.
1610 509 1859 599 8-10
1915 527 2096 598 δοκεῖ
2140 528 2213 598 δὲ
2266 524 2413 623 μηδ’
2474 527 2551 597 ἂν

330 664 430 732 ἐπὶ
490 668 623 739 τοῖς
676 661 850 739 ἰδίοις
902 664 1195 759 χρήμασι
1248 665 1443 755 μόνον
1498 660 1667 761 (hoc
1732 661 2138 761 obscurum)
2165 660 2220 763 ¹)
2289 662 2553 734 ἑλέσθαι

327 800 431 870 τὸν
481 792 759 872 Ὄθωνα
820 799 1221 897 κληρονόμον
1245 795 1332 897 2),
1403 800 1759 871 ἀκόλαστον
1816 801 2008 878 εἰδὼς
2059 804 2166 872 καὶ
2216 801 2551 898 πολυτελῆ

327 938 425 1006 καὶ
472 936 1003 1032 πεντακισχιλίων
1057 937 1395 1033 μυριάδων
1451 937 1786 1033 ὀφλήμασι
1839 937 2377 1037 βεβαπτισμένον.
2469 942 2555 1011 In

329 1075 728 1148 universum
754 1077 1128 1163 respondet
1161 1076 1230 1145 h.
1262 1077 1320 1158 I,
1356 1077 1471 1159 21,
1512 1078 1555 1147 1
1590 1098 1692 1166 sq.
1750 1081 1994 1147 interea
2040 1076 2344 1147 Othonem
2386 1132 2401 1148 .
2461 1132 2476 1148 .
2536 1132 2552 1148 .

335 1212 518 1281 multa
634 1212 836 1282 simul
933 1210 1440 1282 eoestz‘mulabant
1466 1267 1485 1296 ,
1605 1214 1876 1283 lutearia
1979 1217 2171 1285 etiam
2270 1219 2562 1306 principi

339 1369 577 1442 (morosa
598 1401 616 1433 ‚
726 1353 948 1440 inopia
1035 1353 1182 1417 vim·
1223 1352 1483 1440 privato
1570 1349 1926 1420 toleranda.
2097 1350 2234 1421 Sed
2330 1371 2554 1440 neque

348 1487 508 1572 quod
552 1485 781 1574 primo
835 1484 989 1558 loco
1043 1485 1344 1573 legimus
1397 1488 1587 1574 apud
1640 1486 1967 1558 Tacitum
2015 1491 2276 1570 exstat,
2330 1508 2554 1577 neque
2611 1572 2618 1577 ,

349 1620 449 1690 hio
501 1642 794 1711 usquam
864 1621 1243 1711 significat,
1300 1628 1567 1711 quanta
1620 1624 1807 1693 aeris
1863 1624 2079 1694 alieni
2130 1626 2314 1694 mole
2339 1682 2349 1691 .
2370 1624 2553 1695 Otho

357 1777 691 1847 oppressus
753 1758 992 1828 fuerit.
1116 1759 1305 1850 Illud
1375 1780 1540 1831 vero
1594 1779 1846 1864 parum
1905 1760 2273 1849 probabile
2327 1767 2434 1832 est
2486 1769 2557 1832 et

371 1912 411 1959 a
434 1894 781 1967 Plutarcho
819 1897 1160 1967 insertum
1196 1896 1498 1979 videtur,
1555 1902 1635 1966 ut
1682 1897 1919 1986 aliquo
1956 1900 2160 1968 modo
2212 1898 2555 1969 famosam

374 2028 529 2099 aeris
560 2032 756 2104 alieni
810 2053 1153 2103 summam
1205 2032 1587 2115 infercireta
1645 2053 1854 2122 quam
1910 2034 2192 2105 aliunde
2247 2056 2554 2125 comper.-

361 2169 481 2235 tam
539 2168 862 2241 habebat.
989 2170 1166 2240 Eius
1236 2170 1423 2241 modi
1500 2169 1848 2241 formulas
1923 2172 2268 2243 transitus
2338 2193 2555 2244 eausa

348 2300 620 2376 insertas
676 2307 958 2395 saepius
1012 2307 1470 2378 inveniemus,
1546 2308 1913 2379 Postremo
1969 2308 2307 2398 seriptum
2342 2310 2555 2381 habe-

343 2459 476 2510 mus
549 2444 740 2532 apud
809 2444 1270 2514 Plutarchum
1337 2465 1405 2516 v.
1491 2446 1781 2514 11-15
1857 2442 2010 2514 ὅθεν
2036 2469 2052 2476 ·
2084 2444 2367 2523 ἀκούσας
2440 2452 2552 2516 τοῦ

343 2568 571 2650 Οὐινίου
640 2585 867 2675 σιωπῇ
926 2579 1032 2648 καὶ
1090 2576 1325 2675 πρᾴως
1392 2578 1751 2676 ὑπερέθετο
1812 2580 1929 2675 τὴν
1984 2579 2289 2651 διάθεσιν.
2392 2584 2551 2653 ἀπο-

333 2709 522 2791 δείξας
577 2713 631 2785 δ’
692 2715 885 2786 αὑτὸν
923 2715 1166 2785 ὕπατον
1218 2716 1322 2784 καὶ
1374 2719 1778 2813 συνάρχοντα
1829 2717 1936 2788 τὸν
1975 2711 2228 2789 Οὐίνιον
2268 2718 2556 2798 ἐπίδοξος

323 2848 396 2944 ἧν
430 2850 624 2928 ἔτους
661 2852 846 2948 ἀρχῇ
870 2852 978 2922 τὸν
1008 2824 1312 2946 διάδοχον
1350 2853 1824 2949 ἀναγορεύσειν.
1859 2855 1960 2923 καὶ
1994 2854 2065 2925 τὸ
2106 2857 2553 2951 στρατιωτικὸν

317 2986 529 3083 ἡδέως
590 2988 731 3083 εἶχε
779 2989 887 3058 τὸν
923 2983 1202 3061 Ὄθωνα
1246 2986 1393 3085 παρ’
1449 2993 1728 3060 ὁντινοῦν
1778 2990 1976 3060 ἄλλον
2022 2991 2556 3089 ἀναγορευθῆναι.

317 3124 505 3197 Haec
576 3147 721 3196 non
791 3126 1147 3198 fluxerunt
1217 3148 1304 3197 ex
1359 3127 1632 3209 Tacite,
1707 3128 1826 3215 qui
1900 3131 2223 3200 ordiatur
2292 3152 2335 3201 a
2406 3132 2552 3202 kal.

312 3262 469 3334 Jan.
514 3263 691 3334 anni
726 3285 792 3351 p.
827 3263 949 3334 Ch.
991 3265 1084 3333 69
1117 3270 1187 3334 et
1221 3284 1333 3334 res
1362 3265 1783 3351 praeteritas
1820 3254 2233 3338 brevissime
2270 3273 2552 3340 tractet.

305 3400 567 3490 Itaque
642 3401 984 3488 quaedam
1056 3401 1284 3470 obiter
1352 3399 1728 3488 significat.
1867 3401 2334 3491 Adoptionem
2414 3406 2555 3476 iam

298 3538 634 3625 proximo
699 3556 880 3606 anno
962 3536 1034 3606 in
1116 3538 1425 3608 omnium
1505 3558 1625 3608 ore
1703 3537 1925 3609 fuisse
2006 3560 2066 3611 e.
2140 3542 2257 3624 12,
2326 3543 2368 3613 5
2447 3566 2549 3633 sq.

296 3675 669 3744 maturavit
751 3693 826 3741 ea
905 3691 1010 3741 res
1111 3674 1445 3744 eonsilium
1563 3674 1803 3746 Galbae
1820 3729 1840 3765 ,
1929 3681 2057 3745 iam
2138 3679 2392 3770 pridem
2479 3680 2556 3750 de

509 3900 564 3966 1)
634 3897 1142 3953 Mendelssohn
1185 3917 1331 3955 voce
1389 3892 1556 3975 μόνον
1593 3901 1809 3957 deleta
1826 3902 2085 3958 scribere
2113 3903 2246 3958 vult
2268 3899 2556 3981 χρημασιν

289 3978 559 4050 ἕλέσθαι,
603 3982 688 4037 ita
728 3988 798 4036 ut
833 3976 1000 4057 μόνον
1037 4001 1112 4038 ex
1146 3984 1343 4039 littera
1379 4003 1405 4038 ν
1443 3990 1636 4040 ortum
1686 3986 1779 4042 sit.

496 4077 570 4144 2)
643 4077 900 4131 Olason
941 4097 996 4149 p.
1030 4078 1099 4131 29
1131 4079 1286 4134 male
1323 4078 1553 4136 confert
1582 4081 1715 4136 Tae.
1752 4099 1799 4136 σ.
1837 4082 1918 4152 13,
1959 4083 2159 4137 10-11
2205 4084 2345 4136 credo
2390 4097 2434 4136 et
2483 4087 2557 4135 rei

281 4165 529 4230 publicae
565 4181 724 4213 curam
757 4165 942 4214 subisse
959 4166 1162 4229 frustra
1198 4186 1230 4216 a
1255 4166 1444 4216 Nerone
1482 4168 1764 4228 translatae,
1806 4171 1853 4219 si
1886 4171 2019 4235 apud
2060 4171 2296 4242 Othonem*
2315 4172 2548 4236 relinque-

286 4259 443 4304 retur.
532 4247 646 4313 Qui
680 4248 844 4303 loeus
882 4267 918 4303 a
953 4249 1268 4305 Plutarcho
1305 4250 1534 4305 alienus
1573 4257 1677 4305 est.
