3084 4809
328 344 424 416 O.
467 349 534 427 6,
559 363 777 418 23—31.
2420 339 2564 410 109

321 551 404 621 h.
465 553 534 635 1,
589 550 711 643 66,
774 554 865 622 10
900 552 1096 646 fama
1138 554 1462 622 constans·
1478 553 1632 644 ficit,
1694 556 1907 644 ipsum
1971 548 2287 621 Valentem
2323 567 2572 644 magna

312 693 614 781 pecunia
688 691 967 782 emptum
1037 694 1109 760 et
1182 691 1425 762 v.a14
1494 688 1667 759 lento
1732 687 1987 768 deinde,
2026 692 2293 784 agmine
2366 740 2382 756 .

322 825 569 896 ductus
618 829 977 917 excercitus,
993 831 1161 919 ipsa
1212 829 1515 896 itinerum
1568 829 1785 919 spatia
1835 828 1924 895 et.
1946 826 2327 898 stativorum
2360 826 2572 893 muta-⁶

324 966 543 1033 tiones
593 961 957 1034 venditante
997 962 1167 1035 duce
1218 969 1289 1034 et
1337 984 1408 1036 v.
1448 964 1546 1033 19
1584 968 1893 1056 quotiens
1933 967 2253 1055 pecuniae
2303 963 2577 1034 materia

320 1098 595 1186 deesset,
650 1102 897 1193 stupris
943 1103 1012 1171 el
1059 1098 1399 1172 adulteriis
1442 1096 1858 1198 emerebatur.
1983 1097 2299 1212 Singulis
2365 1098 2574 1168 rebus

326 1236 621 1308 omissis
655 1236 1085 1310 Plutarchus
1122 1237 1400 1308 omnino
1437 1203 1773 1310 iudicium
1811 1235 2009 1344 facit.
2100 1236 2353 1321 Cetera
2390 1234 2578 1325 apud

328 1373 674 1445 Tacitum
742 1345 1025 1445 exstant
1089 1374 1158 1444 h.
1217 1375 1283 1464 2,
1343 1373 1461 1456 30,
1523 1374 1577 1450 1
1617 1394 1756 1466 sq„
1822 1372 1928 1468 ita
1987 1378 2081 1484 ut
2121 1371 2381 1444 milites
2434 1372 2575 1441 Va-

327 1513 598 1582 lentem
651 1511 973 1583 incusent
1025 1509 1457 1582 munientibus
1507 1513 1729 1584 castra
1778 1508 1962 1604 apud
1997 1471 2303 1584 Ticinum
2336 1507 2415 1579 de
2457 1507 2578 1578 ad-

332 1670 527 1719 versa
589 1647 895 1720 Caecinae
937 1670 1179 1746 pugna
1229 1639 1551 1732 adlatum,
1614 1651 1678 1718 et
1717 1668 1925 1746 prope
1978 1649 2281 1748 renovata
2332 1644 2578 1750 seditio,

339 1788 655 1881 tanquam
698 1783 942 1874 fraude
971 1789 1034 1857 et
1066 1771 1577 1858 cunctationibus
1628 1769 1902 1884 Valentis
1924 1783 2181 1878 proelio
2212 1761 2580 1886 defuissent.

343 1923 548 1994 Hanc
617 1942 753 2017 nou
825 1922 1048 2013 ipsius
1103 1924 1233 1995 sed
1297 1922 1599 1993 aliorum
1661 1942 1812 1994 esse
1866 1901 2285 1994 sententiani
2339 1920 2580 1992 addito

354 2063 560 2132 verbo
635 2058 878 2130 ἐδόκει
908 2057 1336 2132 Plutarchus
1408 2059 1798 2149 significan
1878 2056 2202 2157 προτέραν
2270 2077 2581 2182 pugnarn

341 2196 679 2288 appellat,
742 2209 951 2289 quam
1001 2196 1323 2289 sequenti
1377 2197 1857 2312 descripturus
1907 2200 2012 2267 est
2069 2179 2320 2286 capite.
2424 2167 2581 2265 cri-

339 2355 503 2410 men
530 2333 879 2416 Caecinae
914 2335 1261 2408 tributum
1292 2335 1607 2408 Tacitus
1624 2311 2121 2448 commemorat
2171 2332 2241 2402 h.
2287 2333 2352 2415 2,
2387 2291 2501 2416 24,
2537 2332 2579 2402 2

341 2470 683 2574 angebant
737 2471 1069 2544 Caecinam
1131 2478 1534 2592 nequiquam
1593 2492 1807 2558 omma
1872 2435 2127 2564 coepta
2143 2471 2206 2562 et
2254 2445 2599 2560 senescens

341 2611 667 2698 excercitus
735 2612 845 2681 sui
901 2610 1084 2703 sama
1138 2659 1227 2704 ,1.
1286 2585 1832 2706 ‚propinquante
1893 2603 2088 2678 Fabio
2158 2579 2442 2697 Valente,
2505 2628 2587 2704 ne

341 2769 530 2819 mnne
581 2744 738 2868 belli
793 2746 985 2844 decus
1036 2746 1193 2818 illuc
1243 2744 1636 2850 concederet,
1698 2750 2062 2839 reciperare
2106 2723 2399 2850 gloriam
2449 2749 2587 2815 αυτ·-

342 2884 495 2955 dius
528 2859 724 2980 quam
760 2845 1116 2955 consultius
1143 2881 1608 2977 properabat.
1709 2855 2133 2968 ‚Quantum
2174 2880 2336 2952 inde
2371 2881 2585 2952 detri-
2592 2849 2597 2856 ζ

343 3020 564 3094 menti
602 3026 834 3096 ortum
859 3020 970 3094 sit
1000 3021 1432 3105 Plutarchus
1466 2936 1758 3094 uberius
1795 3020 2110 3110 exponit,
2126 3019 2273 3096 sed
2306 3023 2590 3109 praeter

346 3180 560 3232 unam
597 3158 868 3230 cladem
903 3158 1061 3234 alia
1113 3158 1388 3264 minora
1431 3156 1880 3238 incommoda
1932 3157 2057 3228 vix
2107 3141 2369 3248 poterit
2422 3175 2589 3227 enu·
2604 3193 2611 3199 ·

341 3316 666 3368 merare.
745 3296 999 3386 Itaque
1062 3299 1288 3366 ιοιαιιι
1343 3257 1570 3383 caput
1635 3312 1724 3365 ex
1776 3267 2051 3365 -Tacito
2108 3293 2465 3381 conligere
2516 3297 2597 3363 et

340 3452 764 3554 componere
816 3429 1068 3522 potuit.
1176 3430 1473 3534 Fontem
1540 3425 2023 3540 comuiuneth,
2082 3427 2143 3500 'si
2180 3428 2387 3530 quis
2406 3427 2591 3512 forte

339 3569 646 3702 reperiri
711 3574 970 3698 potest,
1035 3569 1338 3696 minime
1385 3531 1807 3674 diligentius
1865 3566 2281 3692 θΧῙιιθεειιὲτ
2360 3567 2591 3639 Unam

344 3685 700 3799 quamque
768 3706 954 3778 enim
1018 3726 1167 3780 rem
1215 3683 1390 3810 suo
1403 3683 1581 3777 loco
1630 3687 1932 3794 Tacitus
1997 3683 2253 3789 adfert,
2278 3681 2592 3788 Plutar-

344 3844 564 3916 chus
567 3849 661 3956 ut
711 3842 978 3914 rhetor
1004 3831 1264 3958 hovum
1291 3827 1835 3960 sententiarum
1844 3851 2143 3963 uexum
2180 3831 2598 3976 composuit,
2611 3853 2617 3860 ·

342 3980 478 4053 ubi
527 4000 666 4055 res
694 3983 937 4070 gestae
983 3961 1129 4054 uon
1178 3951 1445 4069 primas
1497 3939 1643 4051 sed
1666 3935 2039 4051 secundas
2067 3951 2295 4069 agunt
2325 3955 2590 4069 partes,

347 4117 542 4191 Mihi
613 4118 891 4208 quidem
954 4111 1392 4230 'persuasum
1445 4122 1574 4220 est,
1646 4115 1719 4187 in
1766 4116 2105 4232 quolibet
2165 4113 2358 4187 fonte
2425 4119 2592 4189 'vele

351 4253 697 4328 historico
748 4274 862 4330 res
899 4254 1139 4326 eodem
1175 4253 1325 4325 tere
1372 4217 1616 4325 ordine
1669 4219 2041 4325 enarratas
2089 4253 2335 4336 fuisse,
2386 4273 2596 4345 quem
