3084 4809
2398 254 2486 325 13

256 477 358 539 re,
388 457 748 547 disputari
799 464 1112 548 possunt,
1165 460 1444 549 prolata
1478 459 1620 529 iam
1658 460 1819 542 sint,
1856 479 2079 550 neque
2115 458 2500 532 novissima

259 596 847 667 commentatione
884 590 943 693 ¹)
1036 598 1118 668 de
1209 596 1641 686 temporibus
1721 595 2030 670 vitarum
2113 598 2498 669 Caesarum

261 732 638 823 quicquam
718 733 894 804 certi
975 732 1356 815 efficiatur,
1437 733 1741 804 sufficiet
1816 734 2165 822 legentem
2244 735 2336 805 ad
2413 754 2499 806 ea

264 869 592 959 delegare
613 924 629 953 ,
713 890 892 960 quae
969 871 1360 942 Mommsen
1437 875 1509 941 et
1585 870 1832 961 Lange
1854 866 1919 968 2)
1998 871 2495 956 disseruerunt,

267 1007 454 1077 Certi
482 1007 683 1108 enim·
708 1008 976 1097 aliquid
1029 1008 1247 1079 statui
1282 1008 1557 1098 nequit3
1612 1008 1745 1079 hoc
1780 1013 2079 1092 constat,
2119 1009 2497 1098 scriptores

271 1145 499 1215 eodem
535 1144 687 1215 fere
723 1149 1034 1233 tempore
1084 1145 1303 1217 libros
1357 1164 1520 1216 suos
1559 1145 2028 1234 composuisse
2053 1139 2136 1241 3).
2228 1146 2383 1229 Qua
2418 1166 2496 1216 re

272 1279 396 1350 hoc
457 1281 825 1352 mittamus
891 1289 961 1352 et
981 1335 997 1366 ,
1064 1282 1394 1372 quoniam
1454 1283 1914 1354 Plutarchum
1974 1302 2101 1372 per
2162 1267 2497 1372 temporis

280 1417 574 1512 rationes
663 1418 916 1489 Tacito
1004 1419 1112 1490 uti
1194 1420 1512 1508 potuisse
1599 1439 1802 1490 nemo
1883 1424 1993 1490 est
2070 1418 2190 1509 qui
2266 1425 2496 1509 neget,

291 1573 329 1623 a
371 1554 744 1627 Plutarcho
808 1555 1336 1645 proficiscamur
1405 1563 1476 1627 et
1540 1523 2118 1646 unamquamque-
2177 1558 2493 1627 enuntia-

293 1689 530 1762 tionem
592 1713 819 1764 nonne
888 1713 933 1763 a
1002 1694 1253 1764 Tacito
1331 1713 1603 1765 sumere
1674 1693 1985 1783 potuerit
2053 1714 2496 1783 quaeramus.

309 1825 537 1915 Atque,
592 1831 650 1899 si
696 1830 845 1900 fere
899 1830 1132 1904 omnia
1198 1851 1401 1919 posse
1472 1850 1515 1900 a
1586 1829 1838 1900 Tacito
1902 1835 2059 1900 orta
2122 1815 2273 1901 esse
2341 1851 2495 1921 rep-

311 1963 658 2047 pererimus
727 1973 797 2037 et
878 1967 1071 2038 locos
1140 1966 1618 2056 discrepantes
1688 1973 2020 2037 accurate
2111 1968 2493 2057 inspexeri-

299 2116 456 2181 muS,
490 2101 773 2189 quilibet
809 2108 1060 2174 cautus
1096 2104 1391 2194 fontium
1439 2104 1908 2194 investigator
1942 2106 2292 2187 concedet,
2330 2106 2492 2176 dum

294 2234 480 2317 albus
530 2240 719 2310 color
770 2241 974 2311 albus
1028 2247 1098 2311 et
1147 2241 1351 2330 niger
1401 2240 1605 2329 niger
1658 2241 1772 2324 sit,
1826 2242 1979 2315 veri
2034 2242 2261 2312 simile
2314 2262 2485 2325 esse,

164 2421 179 2452 .
286 2371 729 2447 Plutarchum
764 2377 838 2448 in
871 2378 1117 2467 primis
1154 2380 1403 2449 saltem
1455 2378 1770 2448 fontibus
1823 2378 2229 2450 adhibuisse
2265 2379 2494 2482 ipsum

285 2509 624 2602 Tacitum,
684 2534 907 2605 neque
955 2515 1134 2602 legis
1171 2516 1534 2587 cuiusdam
1582 2534 1797 2586 causa
1836 2515 2263 2605 repugnabit
2297 2520 2368 2587 et
2401 2518 2494 2587 ad

277 2645 549 2721 inutiles
603 2652 1044 2738 coniecturas
1099 2651 1477 2742 confugiet.

462 2789 728 2878 Incipit
753 2789 1047 2860 Tacitus
1084 2809 1130 2859 a
1154 2790 1477 2860 kalendis
1502 2789 1554 2861 J
1555 2788 1873 2861 anuariis
1911 2789 2079 2860 anni
2113 2811 2181 2879 p.
2212 2790 2339 2861 Ch.
2373 2790 2489 2873 69,

266 2925 516 3026 quibus
555 2927 787 2998 Galba
839 2933 910 2998 et
947 2927 1196 2998 Vinius
1250 2928 1688 2998 consulatum
1745 2926 2038 2997 inibant.
2097 2946 2197 2998 cc.
2243 2929 2487 2997 1-—11

470 3215 519 3281 l)
588 3213 648 3269 G.
684 3213 790 3269 Th.
834 3212 1277 3268 Michaelis
1338 3211 1445 3283 „de
1500 3211 1705 3266 ordine
1766 3210 2024 3266 vitarum
2082 3210 2494 3282 parallelarum

257 3297 589 3355 Plutarchi“
626 3299 763 3354 diss.
796 3300 1058 3355 Berolini
1094 3301 1240 3354 1875.

463 3401 518 3469 2)
588 3402 968 3457 Mommsen
1002 3420 1054 3473 p.
1091 3403 1197 3457 298
1231 3419 1312 3473 sq.
1349 3400 1594 3472 Lange
1630 3419 1683 3472 p.
1720 3401 1752 3456 7
1789 3418 1870 3472 sq.

462 3504 518 3572 3)
587 3504 791 3576 Neque
841 3504 905 3559 M
924 3522 957 3559 ο
975 3522 1035 3559 m
1052 3522 1112 3559 m
1135 3522 1163 3558 s
1187 3522 1218 3559 e
1237 3522 1277 3557 n
1335 3503 1607 3573 ostendit,
1670 3502 2049 3558 Plutarchum
2110 3502 2229 3559 iam
2293 3503 2493 3560 Domi-

254 3590 407 3646 tiani
455 3596 650 3646 aetate
702 3591 738 3648 i.
799 3608 847 3646 e.
893 3596 1029 3645 ante
1082 3591 1273 3646 Taciti
1323 3588 1604 3645 historias
1658 3589 1976 3644 Caesarum
2011 3589 2165 3645 vitas
2203 3590 2493 3661 conscrip-

255 3675 411 3732 sisse
473 3706 538 3716 —
594 3693 732 3731 nam
802 3676 958 3747 quod
1024 3675 1176 3747 petit
1245 3681 1661 3748 argumentum
1731 3692 1762 3730 e
1824 3675 2092 3747 catalogo
2150 3676 2490 3747 Lampriae‚

254 3762 483 3817 nullius
543 3768 635 3817 est
694 3762 1002 3832 momenti;
1065 3762 1202 3817 inde
1267 3761 1423 3833 quod
1484 3761 1824 3816 Flaviorum
1855 3761 2034 3817 ‚vitae
2090 3778 2126 3816 a
2177 3760 2493 3816 Plutarcho

253 3848 708 3918 praetermissae
743 3848 1034 3916 videntur,
1070 3847 1219 3901 nihil
1252 3852 1449 3919 potest
1485 3846 1717 3918 conligi,
1756 3864 1889 3902 cum
1926 3847 2135 3902 eodem
2157 3847 2285 3902 iure
2311 3846 2495 3902 statui

254 3931 462 4002 liceat,
497 3934 813 3989 Caesarum
846 3934 1001 3989 vitas
1043 3939 1179 4004 post
1210 3934 1365 3988 vitas
1406 3932 1722 4003 parallelas
1767 3932 2123 4005 conscriptas
2169 3939 2229 3987 et
2272 3932 2496 3988 Vitellii

254 4018 447 4073 vitam
505 4019 771 4074 ultimam
833 4038 964 4077 esse
1029 4049 1122 4090 -‚
1183 4036 1376 4090 neque
1436 4019 1660 4090 Lang
1681 4036 1713 4073 e
1776 4018 1967 4074 Taciti
2019 4018 2297 4074 historias
2355 4024 2492 4074 ante

256 4103 642 4161 Plutarchum
689 4106 876 4162 editas
922 4123 1054 4163 esse
1109 4105 1521 4177 comprobavit.
1572 4107 1627 4160 ci
1666 4105 1908 4176 Haupt
1947 4104 2086 4176 phil.
2130 4105 2494 4166 Rundschau

261 4189 397 4244 1881
433 4190 574 4246 fasc.
609 4192 678 4247 30
710 4211 764 4263 p.
800 4194 916 4249 954.
1657 4219 1664 4224 ·
