3084 4809
682 424 847 494 Jam
916 444 1084 495 vero
1107 478 1122 507 ‚
1203 429 1281 493 ut
1352 424 1518 513 quid
1598 444 1726 512 ego
1809 424 2105 494 sentiam
2191 424 2438 513 paucis
2526 446 2706 496 com-

479 560 785 649 plectar,
841 580 948 630 me
1017 580 1288 651 quoque
1353 560 1428 631 in
1493 580 1731 631 eorum
1794 581 2080 632 numero
2145 581 2296 632 esse
2352 562 2706 645 confiteor,

484 696 604 785 qui
708 697 1245 767 Mommsenium
1349 702 1419 767 et
1513 696 1915 768 Nissenium
2020 698 2465 787 impugnant,
2570 721 2709 770 non

484 833 669 922 quod
698 832 1035 905 'virorum
1087 833 1170 903 de
1225 833 1672 923 antiquitatis
1721 833 1972 905 studiis
2010 834 2268 924 optime
2302 836 2710 906 meritorum

483 968 754 1058 gloriae
794 970 1186 1041 obtrectare
1230 970 1463 1053 velim,
1520 971 1641 1041 sed
1695 971 1860 1060 quia
1914 992 2032 1042 eos
2084 992 2162 1042 re
2213 993 2386 1045 vera
2437 993 2710 1045 errasse

480 1110 675 1195 puto.
782 1105 1003 1177 Plane
1055 1106 1280 1195 igitur
1330 1107 1636 1177 tironum
1682 1108 2003 1196 partibus
2053 1129 2161 1179 me
2197 1109 2494 1199 applic0,
2550 1130 2706 1181 con-

482 1242 888 1332 solaturque
962 1263 1069 1313 me
1141 1248 1212 1314 et
1284 1247 1667 1327 sustentat,
1741 1244 1925 1334 quod
1992 1265 2207 1316 unum
2278 1247 2555 1335 quidem
2625 1268 2706 1318 ex

482 1379 771 1450 criticae
833 1380 1010 1450 artis
1063 1379 1444 1450 luminibus
1510 1381 2056 1451 consentientem
2108 1382 2485 1466 habemUS,
2540 1385 2706 1475 Nip-

480 1516 859 1606 perdeium.
965 1515 1261 1587 Wolflin
1291 1510 1345 1612 ¹)
1400 1537 1673 1605 quoque
1742 1538 1786 1587 a
1854 1524 2099 1589 nostra
2169 1525 2277 1590 est
2343 1535 2546 1609 parte
2618 1527 2707 1604 et,

482 1652 903 1742 ubicumque
958 1672 1245 1723 causam
1297 1653 1610 1742 attingit,
1666 1653 1810 1723 illis
1862 1661 2234 1745 repugnat.

684 1789 887 1860 Nunc
940 1790 1030 1860 ad
1082 1810 1227 1860 rem
1282 1790 1507 1879 ipsam
1561 1796 1938 1862 transeam.
2047 1796 2153 1863 Ac
2206 1793 2508 1882 primum
2561 1794 2710 1884 qui-

484 1927 638 1997 dem
694 1947 873 2016 quae
927 1926 1000 1996 in
1051 1927 1456 1998 universum
1512 1927 1698 1998 obici
1741 1934 2034 2017 possunt
2082 1930 2318 2001 Taciti
2364 1933 2708 2002 obtrecta-

484 2063 776 2146 toribus,‚
817 2063 1058 2133 adlata
1093 2063 1233 2133 iam
1273 2070 1436 2134 sunt
1457 2059 1543 2161 2).
1651 2065 1873 2148 Ηο00,
1930 2086 2325 2155 quanquam
2361 2086 2499 2136 non
2535 2055 2742 2136 mul-⁴

477 2204 629 2270 tum
690 2199 933 2271 valent
994 2239 1093 2249 —-
1159 2220 1317 2270 cum
1384 2201 1473 2270 ab
1548 2201 1636 2271 iis
1707 2201 2084 2273 videantur
2150 2202 2468 2291 profecta
2535 2222 2706 2285 esse,

488 2337 609 2427 qui
663 2336 988 2426 opinione
1041 2337 1527 2425 praeiudicata
1583 2338 1930 2413 ducantur
1978 2379 2052 2389 -
2101 2344 2338 2409 tamen
2374 2359 2512 2410 non
2549 2346 2712 2410 sunt

484 2474 978 2563 despernenda.
1087 2474 1218 2544 Vel
1269 2494 1394 2563 per
1459 2494 1531 2544 se
1614 2476 1769 2547 veri
1822 2475 2050 2546 simile
2127 2497 2266 2547 non
2348 2481 2474 2560 est,
2540 2478 2712 2548 duos

484 2611 861 2700 scriptores
916 2612 1232 2685 diversos
1284 2616 1429 2681 tam
1467 2632 1674 2700 saepe
1713 2632 1799 2681 ex
1836 2613 2073 2683 eodem
2128 2613 2320 2683 fonte
2375 2613 2555 2684 idem
2610 2615 2714 2684 ita

486 2743 898 2837 sumpsisse,
952 2754 1033 2818 ut
1084 2768 1221 2818 non
1288 2748 1487 2819 modo
1541 2753 2063 2837 argumentum,
2132 2750 2254 2818 sed
2307 2749 2519 2818 etiam
2572 2750 2709 2818 elo-

486 2885 675 2966 cutio
697 2879 758 2982 3)
797 2891 1160 2975 congruat.
1268 2885 1735 2974 Cogit-andum
1775 2891 1976 2967 esset,
2014 2891 2387 2974 utrumque
2418 2885 2708 2973 scripto-

485 3043 633 3092 rem
710 3020 975 3092 fontem
1064 3041 1494 3092 communem
1579 3040 1719 3091 non
1787 3024 2210 3090 retractasse
2291 3025 2417 3090 aut
2486 3041 2710 3091 emen-

487 3159 712 3241 dasse,
769 3159 888 3228 sed
937 3158 1053 3229 vel
1102 3157 1479 3229 levissimis
1533 3156 1607 3227 in
1660 3157 1869 3227 rebus
1935 3156 2466 3247 religiosissime
2519 3163 2713 3229 secu-

482 3300 631 3365 tum
677 3314 848 3392 esse.
956 3295 1249 3366 Tacitus
1287 3292 1424 3365 11011
1467 3300 1653 3365 esset
1697 3295 1970 3366 dicendi
2012 3294 2273 3365 artifex
2304 3301 2374 3365 et
2415 3296 2717 3385 scriptor

484 3429 875 3519 perfectUS‚
951 3431 1013 3501 si
1081 3451 1240 3502 cum
1316 3428 1853 3527 Mommsenio4)
1907 3433 2499 3516 contenderemus,
2563 3453 2714 3502 sen-

689 3717 739 3783 1)
815 3715 883 3769 cf.
921 3715 1088 3769 Bure.
1142 3713 1590 3771 Jahresbericht
1623 3714 1771 3768 1876.
1817 3714 1894 3769 II.
1929 3732 1983 3785 p.
2020 3716 2121 3770 774
2144 3721 2204 3770 et
2222 3717 2369 3770 1879.
2406 3716 2484 3769 II.
2519 3733 2571 3786 p.
2597 3716 2714 3770 250.

479 3803 730 3857 Ranke
766 3800 1126 3871 Weltgesch.
1171 3801 1290 3870 ΠΙ,
1324 3802 1374 3871 2,
1409 3800 1683 3855 285—288
1725 3799 1875 3853 nihil
1920 3799 2069 3855 certi
2109 3801 2367 3872 praebet.

685 3888 740 3954 2)
811 3887 991 3941 Velut
1028 3906 1064 3939 0
1100 3887 1436 3942 Clasonio
1467 3886 1648 3957 „Plut
1678 3903 1735 3940 11.
1764 3886 1935 3941 Το0.“
1971 3904 2025 3958 p.
2050 3888 2253 3941 20-21
2290 3888 2345 3939 et
2380 3904 2415 3940 a
2438 3887 2711 3958 Langio

480 3974 516 4028 l.
553 3974 590 4027 l.
626 3973 866 4044 passim,
904 3972 1190 4044 imprimis
1227 3991 1277 4040 p.
1315 3974 1384 4026 48
1420 3992 1501 4043 sq.

681 4059 736 4126 3)
805 4059 1196 4113 Mommsen
1231 4077 1284 4131 p.
1321 4060 1425 4112 312
1461 4077 1544 4130 sq.

682 4145 736 4211 4)
806 4144 1189 4199 Mommsen
1223 4162 1275 4217 p.
1312 4145 1431 4200 315.
1538 4197 1541 4200 .
