3084 4809
566 324 702 393 lssss
2326 324 2407 395 Ο.
2465 325 2584 406 17,
2642 340 2805 404 1—,7·

758 529 862 597 De
897 527 1035 599 hoc
1087 528 1241 600 loco
1297 513 1541 599 eodem
1601 530 1804 600 modo
1858 528 2332 601 iudicandum.
2425 529 2800 634 Plutarchi

558 664 871 735 narratio
935 685 1094 735 cum
1161 666 1256 738 sit
1314 667 1622 750 uberior,
1679 666 1976 737 Tacitus
2039 683 2472 748 communem
2532 666 2800 739 fontem

558 801 992 874 cuinraxisse
1041 801 1343 888 ¹videtur
1371 798 1450 901 ¹).
1587 804 1724 874 Sed
1795 804 2037 874 eodem
2105 804 2259 873 iure
2330 804 2800 906 Plutarchum

558 941 817 1022 fasiana
854 939 1093 1012 Taciti
1128 941 1352 1027 verba
1389 940 1812 1021 distendisse
1862 941 2096 1011 dicere
2129 961 2523 1031 possumus.
2599 942 2798 1025 Quae

558 1079 738 1145 {siim
811 1077 1211 1167 discrepare
1282 1078 1616 1152 videntur
1684 1098 1822 1149 non
1894 1076 2134 1167 magni
2192 1084 2371 1149 sunt
2440 1080 2793 1153 momenti.

557 1217 766 1285 'sat-lut
815 1191 1245 1286 Plutarchus
1293 1215 1827 1305 religiosissime
1865 1215 2057 1298 dicit,
2109 1214 2454 1287 Othonem
2495 1216 2796 1317 alterum

554 1353 930 1441 pugionem
967 1324 1376 1435 reddidisse,
1436 1354 1620 1441 quod
1655 1373 1782 1441 per
1819 1373 1891 1423 se
1931 1352 2400 1444 intellegitur,
2455 1348 2570 1426 vel
2625 1328 2798 1424 alte-

554 1513 706 1557 rum
774 1488 859 1564 εἰς
923 1470 1039 1564 τάξ
1104 1487 1393 1581 ἀγκάλας
1458 1467 1804 1586 ἀναλαβεῖν
1871 1492 2109 1607 (capili
2172 1488 2533 1578 subdidit);
2614 1465 2800 1562 idem

558 1633 798 1713 aptate
849 1625 1042 1708 dicit,
1112 1646 1268 1695 eum
1326 1626 1553 1698 servis
1608 1618 2016 1698 convocatis
2070 1627 2408 1717 pecunias
2463 1628 2799 1700 distribu-

558 1769 710 1845 ism-2,
786 1763 1077 1834 Tacitus
1139 1763 1275 1834 hoc
1345 1742 1610 1834 om'ittit
1663 1781 1887 1855 neque
1942 1765 2181 1847 adicit,
2239 1765 2311 1835 id
2366 1754 2798 1863 φιλοφρονου-

558 1905 770 1989 [istum
832 1900 1102 1971 factum
1171 1920 1343 1970 esse.
1482 1900 1660 1971 Eius
1732 1903 1921 1972 modi
2003 1910 2239 1973 autem
2311 1881 2798 1976 additamenta

554 2061 706 2109 cum
766 2042 891 2109 aut
943 2038 1320 2108 memoriae
1376 2058 1615 2139 errore
1671 2043 1829 2110 orta
1883 2045 2010 2110 aut
2062 2040 2494 2112 narrationis
2549 2032 2796 2132 ampli-

550 2177 869 2246 fiwandae
919 2163 1153 2246 studio
1190 2175 1572 2247 tribuenda
1625 2164 1786 2259 sint,
1813 2168 2159 2266 'proptera
2197 2165 2584 2249 communis
2637 2180 2796 2251 fons

550 2337 678 2381 nrm
734 2318 841 2383 est
896 2314 1332 2384 statuendus,
1426 2314 1754 2385 Ceterum
1792 2311 2289 2399 adnotandum,
2328 2305 2794 2389 Plutarchum

558 2453 694 2521 alic}
738 2450 979 2521 urdine
1013 2430 1122 2521 uti
1159 2471 1245 2521 ac
1282 2449 1630 2521 Tacitum.
1715 2451 1856 2553 Hic
1910 2451 2096 2521 enim
2151 2456 2221 2522 et
2258 2453 2636 2525 Suetonius
2675 2449 2792 2551 (O.

570 2585 686 2669 ΜΓ]
742 2585 1167 2677 pugionibus
1231 2588 1536 2658 nondum
1600 2587 1862 2657 adlatis
1915 2590 2288 2676 pecuniam
2342 2590 2795 2675 distributam

554 2749 702 2789 sss-„1-
778 2726 1087 2808 tradunt,
1165 2724 1357 2793 haud
1429 2723 1638 2792 dubie
1707 2723 1966 2811 aptius.
2094 2726 2320 2825 Certe·
2370 2726 2552 2796 enim
2609 2728 2792 2801 Otho

558 2889 686 2933 nen
762 2866 924 2933 ante
991 2858 1183 2930 necis
1227 2858 1704 2928 ‘instrumenta
1757 2859 2066 2947 paravit,
2122 2880 2332 2952 quam
2387 2882 2625 2934 omnes
2655 2855 2793 2936 'res

550 3001 873 3089 [nihlicas
911 3003 981 3067 et
1014 2994 1337 3085 privatas
1374 2985 1767 3084 composuit
1788 2991 1875 3093 2).
1953 2998 2108 3081 Qua
2145 3019 2220 3068 re
2261 2998 2322 3094 si
2359 3019 2794 3073 communem

758 3185 803 3249 1)
873 3179 1041 3233 Haec
1079 3182 1172 3232 est
1207 3176 1507 3231 sententia
1540 3176 1868 3234 Nissenii
1907 3182 1978 3251 (p.
2015 3180 2154 3248 511).

750 3269 803 3333 2]
872 3266 1003 3319 Hoc
1025 3268 1187 3319 recte
1211 3263 1489 3317 Krauss
1525 3269 1729 3319 monet
1763 3284 1816 3336 p.
1846 3267 1924 3321 16.
1985 3266 2152 3320 Idem
2188 3267 2449 3322 ostendit
2483 3267 2796 3325 ridiculum

550 3373 702 3425 ,αῑιιςη---ι
722 3352 951 3405 aenium
981 3350 1365 3404 Plutarchum
1399 3350 1700 3421 praebere,
1735 3351 1893 3422 quod
1927 3351 2222 3406 Othonem
2253 3346 2577 3424 pugionem
2609 3357 2795 3411 mani-

554 3445 654 3489 lum·
686 3438 1019 3509 amplexum
1042 3435 1327 3507 pecunias
1354 3435 1726 3491 distribuisse
1762 3438 1960 3493 tradit.
2013 3438 2241 3493 Krauss
2276 3438 2515 3510 quidem
2550 3441 2795 3499 finxisse

550 3524 932 3577 'Plutarchum
964 3527 1149 3593 putat,
1189 3521 1478 3577 Othonem
1500 3522 1566 3575 in
1600 3522 1756 3578 lecto
1795 3524 2108 3579 cubantem
2142 3524 2331 3580 servis
2366 3526 2590 3582 intrare
2615 3528 2794 3584 iussis

554 3633 650 3681 pur
694 3613 963 3665 libertum
999 3608 1281 3679 pecunias
1316 3608 1379 3661 in
1412 3625 1622 3663 mensa
1656 3610 1883 3681 positas
1921 3610 2307 3680 distribuisse,
2354 3611 2440 3666 ita
2474 3618 2542 3667 ut
2585 3615 2793 3686 pugio-

550 3717 678 3749 inu-111
714 3694 986 3751 cervicali
1009 3694 1309 3749 subditum
1333 3694 1606 3749 manibus
1631 3700 1876 3766 teneret,
1904 3696 2183 3767 quoniam
2209 3699 2371 3752 solus
2395 3700 2575 3769 pugio
2604 3701 2795 3757 cubile

554 3785 762 3837 {manat
803 3780 1195 3836 durissimum.
1282 3781 1447 3848 Quae
1486 3781 1800 3853 explicatio
1837 3800 2048 3838 vereor
2083 3800 2159 3838 ne
2197 3783 2467 3839 subtilior
2503 3785 2582 3839 sit
2617 3804 2796 3856 quam

554 3889 598 3917 r·
614 3873 686 3921 wi·
702 3889 758 3921 ψ.
828 3856 1047 3921 Ev'adjt
1072 3883 1216 3920 sane
1242 3868 1645 3938 spectaculum
1672 3868 1833 3922 haud
1858 3869 2094 3940 serium,
2121 3874 2298 3941 atque
2324 3871 2595 3925 Heraeus
2621 3872 2720 3939 (ad
2737 3874 2793 3929 h.

550 3957 594 4009 fl.
638 3957 714 4021 ·¹'··⁴:-
762 3957 811 4019 Η)
855 3956 1017 4007 recte
1070 3952 1327 4022 adnotat,
1376 3966 1520 4019 caput
1557 3954 1889 4023 elegantius
1928 3955 2151 4009 dictum
2188 3973 2322 4009 esse
2357 3974 2462 4026 pro
2503 3958 2795 4014 cervicali.

558 4045 650 4093 ]¹=··=†
670 4041 754 4093 im]
802 4028 1104 4092 socordiae
1150 4035 1532 4093 Plutarchum
1582 4041 2010 4111 accusaverim,
2055 4042 2167 4111 ·qui
2212 4040 2498 4108 memoria
2544 4048 2794 4115 teneret,

554 4137 562 4173 t
586 4137 614 4177 η
634 4129 844 4177 breuem
868 4124 1121 4177 alterum
1144 4123 1464 4194 pugionem
1490 4125 1567 4179 ad
1589 4124 1820 4180 facinus
1843 4128 2190 4196 destinasse,
2218 4128 2470 4182 alterum
2495 4129 2792 4186 reiecisse.

558 4213 698 4261 11111-:1
742 4208 1014 4279 exprimit
1047 4208 1243 4264 verbis
1278 4204 1356 4270 εἰς
1396 4202 1494 4272 τὰς
1533 4205 1788 4285 ἀγκάλας
1831 4208 2153 4290 ἀναλαβών,
2178 4218 2254 4268 'et
2287 4218 2618 4284 excusatur,
2656 4215 2796 4287 quia

554 4297 626 4349 lue
638 4317 662 4349 1:-
702 4293 1033 4365 appositum
1070 4299 1163 4350 est
1198 4296 1682 4352 antecedentibus
1715 4291 2172 4355 καὶ-ἀπέδωκε.
