3084 4809
413 293 498 365 0.
562 297 682 377 12,
738 315 954 370 undat,
2491 303 2651 375 ·'1·49

413 525 606 573 nesse
674 505 858 577 enim
926 512 1111 577 esset
1178 513 1526 593 statuere,
1594 510 1769 581 illud
1834 512 2177 600 proelium
2247 532 2304 581 c.
2375 512 2652 580 35116-

413 645 754 731 seriptum
818 644 1056 716 eodem
1124 646 1238 717 die
1302 646 1572 720 factum
1634 668 1824 731 esse,
1893 668 2028 737 quo
2093 650 2184 719 ad
2238 649 2651 719 Cremonam

409 789 806 869 pugnatum
882 789 1011 854 est.
1120 785 1219 855 At
1286 784 1629 875 legimus·
1673 806 1732 857 c.
1802 786 1930 869 36,
1993 807 2140 855 non
2211 783 2429 856 multo
2497 793 2656 875 post

409 917 889 1009 gladiatorum
955 921 1226 993 cladem
1291 924 1488 994 iussu
1556 922 1855 994 Othonis
1922 924 2253 996 Flavium
2305 923 2654 993 Sabinum

413 1057 506 1125 iis
562 1057 1039 1145 praapnsitum
1092 1079 1264 1141 esse,
1322 1062 1441 1151 qui
1495 1080 1560 1132 c.
1600 1061 1691 1131 51
1750 1080 2036 1132 munere
2091 1060 2453 1151 fungitur.
2514 1062 2654 1130 Ita-

405 1213 542 1281 que
598 1197 894 1269 Flavius
942 1196 1249 1268 Sabinus
1303 1198 1375 1267 in
1426 1197 1564 1269 hoc
1611 1197 1899 1286 proelio.
1937 1199 2027 1269 iis
2079 1198 2410 1289 praefuit.
2522 1197 2656 1268 Sed

405 1333 818 1421 prinsquam
870 1333 1054 1405 Otho
1108 1355 1363 1436 novum
1420 1335 1668 1407 ducem
1723 1336 2056 1419 mitteret,
2112 1355 2293 1406 unus
2346 1336 2463 1407 vel
2518 1337 2653 1406 duo

405 1473 562 1541 dies
634 1471 1085 1543 transierunt.
1181 1444 1564 1544 Praeterea
1628 1474 2144 1545 Gerstenecker
2184 1495 2258 1562 p.
2312 1474 2403 1544 36
2456 1494 2654 1562 proe-

405 1609 582 1677 lium
642 1629 698 1681 e.
761 1613 854 1681 43
919 1610 1397 1700 significatum
1459 1612 1815 1683 diversum
1886 1632 2041 1682 esse
2114 1613 2317 1683 docet
2388 1613 2476 1681 ab
2546 1632 2654 1694 eo,

405 1749 594 1837 qnod
638 1765 694 1817 c.
738 1749 830 1821 35
882 1754 1235 1821 narratur.
1343 1750 1499 1821 Hoc
1553 1749 1736 1820 enim
1794 1751 1986 1821 circa
2041 1750 2343 1820 insul-am
2400 1750 2472 1818 in
2527 1748 2653 1820 flu-

409 1885 598 1957 mine
654 1885 860 1957 sitam
916 1886 1315 1970 dimicatur,
1367 1891 1582 1976 quam
1626 1892 1701 1957 et
1738 1885 2172 1976 gladiatores
2211 1889 2281 1956 et
2318 1860 2653 1958 Germani

409 2045 758 2113 nnnnpare
798 2026 1100 2108 student,
1152 2025 1273 2096 illo
1313 2024 1751 2114 gladiatores
1787 2025 2079 2112 Padum
2097 2026 2656 2096 transvehuntur

405 2169 478 2229 et
534 2165 626 2230 ah
682 2162 1023 2253 oppositis
1050 2202 1058 2221 ι
1088 2163 1402 2235 Batavis·
1446 2162 1721 2252 repulsi
1789 2161 1860 2233 in'
1915 2162 2173 2233 flumen
2237 2162 2649 2232 reiciantur.

405 2301 730 2389 Denique
798 2321 883 2370 ex
938 2300 1182 2371 Taciti·
1232 2302 1446 2373 verbo
1517 2303 1786 2371 victores
1850 2298 2192 2389 proelium
2247 2301 2489 2369 eodem
2544 2300 2656 2371 die

409 2437 857 2510 commissum
894 2455 1046 2508 esse
1084 2437 1635 2514 concludendum
1673 2442 1799 2507 est.
1872 2437 2394 2525 Distinguenda
2431 2435 2656 2527 igitur

409 2577 546 2645 [iun
602 2577 893 2665 proelia.
1001 2576 1154 2646 Iam
1222 2594 1400 2647 vero*
1456 2596 1709 2665 parum
1776 2580 1942 2645 sunt
2011 2575 2415 2657 credibilia,
2472 2597 2652 2668 quae

409 2713 852 2785 Plutarnhns¹
891 2718 1159 2788 narrat.
1269 2714 1368 2787 Ut
1405 2714 1729 2796 mitt-am,
1786 2732 1940 2784 eum
1996 2733 2135 2782 non
2189 2713 2445 2793 dicere,
2502 2714 2648 2801 gla-

409 2853 718 2921 diatores
778 2853 1035 2923 flumen
1086 2857 1571 2941 transgressos
1625 2870 1777 2921 esse
1800 2845 1877 2948 ¹),
1935 2871 2142 2921 sensu
2198 2855 2415 2932 caret,
2474 2854 2656 2939 quod

405 2989 846 3081 gladiatores
890 2988 987 3059 ad*
1029 2988 1285 3059 flumen
1339 2988 1696 3077 fugientes
1749 2988 1823 3057 in
1876 2988 2200 3058 cohortes
2253 2988 2345 3058 ad
2399 2988 2653 3057 flumen

409 3125 822 3201 nnnlnciatas
876 3125 1208 3197 incidisse
1262 3126 1535 3214 prodit·
1627 3126 1867 3214 Neque
1935 3131 2250 3215 apparet,
2307 3146 2349 3193 a
2405 3126 2657 3215 quibus

405 3265 630 3353 nnpiia
686 3264 872 3353 pulai
924 3264 1102 3347 sint,
1170 3283 1393 3353 neque
1447 3283 1584 3352 quo
1630 3246 1842 3333 'modo
1885 3267 2043 3332 vtam
2095 3236 2344 3351 procul
2399 3282 2442 3332 a
2494 3263 2654 3351 ripa

405 3405 610 3473 abire
662 3403 1039 3493 potuerint,
1096 3407 1177 3473 ut
1228 3387 1770 3472 Vitellianorum
1819 3400 2149 3471 'cohortes
2190 3401 2461 3491 ‚reditui
2501 3400 2651 3470 offi-

405 3549 666 3613 sserent.
806 3538 985 3611 Mihi
1064 3538 1341 3629 quideni
1407 3538 1838 3610 Plutarchus
1913 3536 2081 3626 quid
2154 3542 2385 3607 essent
2457 3560 2649 3631 oppo-

405 3681 570 3749 situ&
622 3677 908 3749 rabarias
972 3697 1193 3766 prave
1247 3676 1679 3749 intellexisse
1732 3674 2047 3756 videtur,
2107 3654 2296 3764 quas
2339 3696 2474 3763 non
2532 3665 2650 3745 eas

700 3833 814 3837 -—.-
846 3831 1017 3840 ---.-

614 3917 662 3981 i}
734 3913 863 3965 Hoc
899 3910 1111 3980 omisit,
1147 3928 1337 3983 neque
1373 3909 1765 3965 Mommsenio
1804 3908 2128 3976 adsentior,
2167 3909 2264 3979 qui
2301 3908 2372 3961 H.
2412 3908 2509 3974 IV,
2546 3911 2647 3964 306

409 4001 786 4053 Plutarchum
830 3995 1299 4068 adgredientium
1336 4002 1396 4051 et
1420 3995 1863 4051 defendentium
1898 4000 2100 4066 partes
2139 3994 2476 4048 confudisse
2516 4013 2648 4049 con-

409 4085 610 4141 tundit..
686 4085 878 4138 Primo
924 4081 1285 4155 gladiatores
1330 4082 1617 4153 impetum
1653 4081 1894 4151 faciunt,
1940 4087 2152 4153 p‘ostea
2187 4096 2328 4135 vero
2370 4080 2649 4135 Germani

413 4189 514 4225 ena
570 4173 838 4241 repulsus
895 4174 1355 4243 persequuntur,
1415 4168 1573 4243 quod
1625 4169 1816 4225 solum
1868 4171 2233 4227 momentum
2293 4166 2646 4221 Plutarchus

405 4257 690 4329 depinxit.
2202 4256 2209 4267 ‘
