3084 4809
520 302 615 372 24
2278 301 2364 369 G.
2425 300 2541 381 21,
2599 318 2746 373 1-8,

518 504 1006 576 subtilioribus
1085 503 1426 595 neglectis
1504 525 1643 575 non
1722 504 2084 577 Maevium
2163 505 2548 575 Pudentem
2628 508 2748 576 sed

518 642 863 714 Othonem
910 642 1246 731 pecunias
1295 641 1830 712 distribuentem
1875 641 2054 712 facit
2087 662 2310 731 neque
2349 643 2483 713 sibi
2519 648 2750 732 potest

516 779 893 861 abstinere,
951 779 1119 868 quin
1172 800 1375 849 suum
1428 779 1652 867 ipsius
1706 780 1920 849 addat
1976 778 2337 850 iudicium.

720 936 779 987 c.
834 917 1017 986 XXI
1069 916 1497 986 Plutarchus
1535 917 1626 986 ad
1662 915 2108 1005 adoptionem
2160 916 2345 986 redit
2397 922 2467 986 et
2519 917 2748 1006 primo

514 1053 722 1143 plane
777 1052 1105 1142 congruit
1157 1073 1316 1123 cum
1369 1052 1659 1123 Tacito:
2289 1109 2296 1120 ,

514 1212 581 1263 V.
641 1190 837 1260 1—-5
908 1186 1042 1258 ἀλλ’
1105 1187 1215 1258 οὖν
1272 1186 1585 1287 βουλευο-
1692 1210 1750 1259 c.
1830 1189 1940 1271 13,
2028 1190 2283 1259 5--10
2355 1196 2528 1260 eirca
2600 1212 2753 1260 con-

392 1399 397 1402 j
515 1325 717 1418 μένου
772 1350 846 1417 γε
880 1330 992 1395 τοῦ
1030 1321 1261 1421 Γάλβα
1315 1324 1462 1420 περὶ
1499 1322 1586 1393 δι·
1689 1326 1907 1394 silium
1997 1326 2290 1422 eligendi
2370 1332 2757 1397 successoris

514 1460 758 1555 αδόχου
777 1462 884 1530 τὸν
897 1456 1162 1533 Ὄθωνα
1189 1453 1585 1556 παρεισῆγεν
1691 1468 1759 1531 in
1812 1462 1976 1532 duas
2013 1464 2325 1555 factiones
2376 1461 2754 1533 scindeban-

516 1600 549 1666 ὅ
599 1589 865 1681 Οὐίνιος,
923 1595 1076 1667 οὐδὲ
1128 1602 1312 1665 τοῦτο
1352 1602 1586 1692 προῖκα
1691 1602 1817 1670 tur.
1942 1596 2156 1668 Vinius
2218 1620 2345 1690 pro
2414 1597 2496 1670 M.
2562 1597 2756 1669 Otho-

513 1733 838 1829 πράττων,4
894 1729 1026 1801 ἀλλ’
1083 1730 1191 1802 ἐπὶ
1223 1733 1414 1827 γάμῳ
1468 1739 1588 1828 τῆς
1689 1757 1768 1804 ne
1825 1790 1838 1806 .
1898 1788 1916 1805 .
1976 1789 1990 1802 .
2044 1740 2107 1803 et
2172 1733 2537 1805 rumoribus
2586 1734 2766 1805 nihil

513 1866 853 1964 θυγατρός,
926 1846 1268 1963 ὁμολογίας
1319 1870 1586 1964 γενομέ-
1688 1872 1944 1942 silentio
1971 1874 2563 1960 transmittentium,
2601 1877 2761 1965 quia

517 2031 636 2101 νης
671 2012 896 2099 γαμεῖν
933 2004 1134 2100 αὐτὴν
1170 2005 1278 2075 τὸν
1306 1999 1586 2077 Ὄθωνα
1702 2006 1877 2079 Vinio
1969 2008 2162 2077 vidua
2239 2007 2417 2104 filia,
2510 2006 2758 2080 caelebs

514 2141 719 2212 παῖδα
751 2148 866 2213 τοῦ
895 2139 1125 2241 Γάλβα
1154 2143 1258 2232 καὶ
1288 2142 1584 2238 διάδοχον
1697 2142 1874 2226 otho,
1926 2165 2135 2238 gener
2186 2167 2261 2214 ac
2312 2165 2491 2216 socer
2558 2144 2752 2215 desti-

516 2276 990 2375 ἀποδειχθέντα
1051 2285 1171 2375 τῆς
1222 2281 1586 2374 ἡγεμονίας.
1689 2278 2034 2350 nubantur.

514 2417 714 2487 Haec
778 2416 1013 2505 potuit
1078 2436 1122 2486 a
1175 2417 1427 2488 Tacito
1494 2417 1804 2500 haurire,
1872 2437 2271 2507 quanquam
2333 2406 2738 2508 loquacitati

514 2554 803 2642 paulum
869 2553 1221 2642 indulget‚.
1283 2554 1537 2645 quippe
1603 2554 1724 2644 qui
1788 2556 1872 2625 de
1924 2551 2134 2626 Vinio
2202 2561 2273 2625 et
2342 2554 2613 2626 Othone
2682 2559 2753 2623 et

516 2710 642 2778 per
676 2689 1124 2778 negationem
1160 2695 1231 2759 et
1264 2710 1391 2779 per
1442 2692 1857 2780 positionem
1914 2701 2087 2780 agat
2139 2699 2351 2781 atque
2400 2689 2747 2760 condicio-

515 2847 674 2897 nem
708 2827 944 2909 addat,
1000 2828 1085 2897 de
1123 2847 1261 2916 qua
1316 2827 1631 2897 dubitari
1683 2849 1822 2898 non
1872 2828 2126 2916 potuit.
2217 2830 2455 2917 Neque
2506 2832 2749 2896 tamen

514 2964 674 3052 plus
736 2965 1051 3052 praebet,
1126 2964 1247 3033 sed
1319 2965 1504 3052 quod
1557 2964 1850 3035 Tacitus
1914 2964 2067 3034 iure
2128 2985 2481 3036 rumorem
2532 2963 2754 3034 fuisse

517 3100 709 3183 dicit,
739 3121 864 3190 pro
896 3104 1086 3171 certo
1118 3100 1466 3183 adfirmat,
1498 3099 1648 3171 sine
1669 3101 1878 3173 dubio
1899 3120 2039 3171 non
2060 3102 2200 3173 alio
2221 3101 2414 3173 fonte
2436 3101 2752 3172 adhibito

517 3238 673 3338 sed,
707 3238 943 3309 verbis
1008 3237 1294 3308 traditis
1375 3276 1454 3289 —-
1529 3238 1862 3310 videlicet-
1916 3239 2168 3309 Taciti.
2221 3279 2315 3290 —-
2375 3238 2753 3310 memoriae

517 3391 754 3445 errore
826 3374 1159 3445 confusis.
1288 3374 1464 3444 Cum
1535 3374 1649 3470 iis,
1699 3395 1877 3464 quae
1950 3381 2336 3464 sequuntur
2405 3397 2474 3447 v.
2554 3375 2751 3445 5-8

518 3512 551 3578 ὅ
620 3508 692 3577 δὲ
743 3506 1013 3607 Γάλβας
1083 3509 1188 3579 ἀεὶ
1255 3507 1372 3600 μὲν
1439 3508 1520 3604 ἦν
1591 3509 1785 3606 δῆλος
1849 3511 1973 3606 πρὸ
2039 3516 2153 3579 τοῦ
2210 3511 2369 3580 ἰδίου
2424 3512 2497 3581 τὸ
2551 3511 2758 3581 κοινὸν

515 3643 851 3738 τιθέμενος
918 3646 1022 3714 καὶ
1093 3645 1308 3741 ζητῶν
1373 3644 1496 3740 οὐχ
1522 3656 1531 3659 ’
1560 3646 1742 3742 αὑτῷ
1807 3644 2044 3716 θέσθαι
2106 3648 2214 3718 τὸν
2266 3647 2528 3743 ἥδιστον
2586 3647 2761 3717 ἀλλὰ

506 3779 870 3876 Ῥωμαίοις
913 3781 1021 3851 τὸν
1075 3781 1590 3877 ὠφελιμώτατον
1643 3783 1985 3866 conferaS‚
2039 3804 2217 3874 quae
2256 3785 2550 3855 Tacitus
2589 3785 2758 3856 Gal-

430 3982 434 3988 .
519 3909 682 3991 bam
736 3921 810 3990 in
848 3919 1144 4020 concilio
1182 3918 1641 3989 familiarium
1696 3920 2093 4008 loquentem
2142 3901 2319 3991 'facit
2374 3940 2432 3990 c.
2483 3922 2594 4003 15,
2658 3921 2751 3991 12

519 4057 854 4151 Augustus
944 4063 1014 4125 in
1101 4055 1284 4125 domo
1385 4075 1806 4125 successorem
1895 4060 2228 4148 quaesivit,
2315 4078 2440 4151 ego
2526 4063 2600 4126 in
2687 4080 2763 4127 re

506 4190 795 4287 publica.
914 4194 1117 4262 Hanc
1172 4192 1587 4262 sententiam
1650 4192 2078 4262 Plutarchus
2146 4194 2372 4268 multo.
2430 4194 2762 4283 pluribus
