3084 4809
277 320 357 392 G.
417 320 534 402 25,
592 337 816 393 14-20.
2418 313 2511 385 51

279 525 470 610 Quod
538 522 810 594 milites
874 543 1015 594 non
1084 523 1513 612 adgregatos
1581 522 1705 592 sed
1766 520 2017 594 obvios
2081 518 2311 591 factos
2364 538 2519 590 esse

277 663 459 746 dicit,
512 682 659 733 non
715 665 825 732 est
876 661 1349 750 premendum.
1459 658 1588 730 Bis
1641 679 1809 732 vero
1866 657 2213 730 Othonem
2250 659 2341 729 ab
2395 656 2516 727 iis-

280 801 420 871 dem
468 800 973 889 imperatorem
1026 798 1544 869 consalutatum
1603 817 1756 868 esse
1791 817 1931 867 non
1966 802 2077 866 est
2110 794 2515 886 probabile3

282 937 480 1008 etiam
528 937 762 1027 gladii
809 935 1061 1018 stricti,
1116 956 1292 1026 quos
1312 936 1586 1036 ‘iterum
1627 940 2141 1018 commemorat,
2182 932 2518 1023 suspicio-

285 1094 427 1145 nem
453 1080 764 1157 movent,
793 1074 1257 1145 Plutarchum
1292 1074 1557 1144 nimiae
1584 1072 2005 1164 loquacitati
2041 1072 2518 1161 indulgentem

292 1232 453 1301 quae
501 1212 650 1285 iam
702 1218 1070 1282 narrasset
1120 1212 1483 1300 repetisse.

479 1349 730 1420 Altera
779 1349 994 1419 huius
1048 1349 1305 1439 capitis
1357 1354 1561 1438 parte
1610 1347 2039 1419 Plutarchus
2091 1346 2311 1417 multo
2363 1346 2518 1416 hre-

306 1483 445 1556 vior
487 1492 624 1557 est:

1448 1642 1506 1693 c.
1570 1623 1662 1693 28
1686 1641 1709 1706 ,‘
1764 1626 1799 1694 1
1876 1624 2211 1691 statimeem
2274 1625 2345 1689 in
2404 1641 2517 1691 ca-

1447 1745 1602 1812 stris
1656 1739 2143 1835 egebat..lucius
2195 1736 2520 1810 Marlialis

1449 1857 1772 1930 tribunus.
1804 1866 1862 1929 is
1916 1860 2371 1956 magnitudine
2403 1882 2518 1931 su-

344 1959 721 2052 otpatoatffioo
796 1958 1177 2061 Μαρτίαλῑς,
1250 1964 1344 2039 ὥς
1449 1978 1570 2049 biti
1619 1979 1897 2071 scelerate,
1958 2003 2045 2050 en
2079 1984 2384 2074 corrupta
2419 1979 2520 2050 le-

335 2132 481 2203 φασι,
512 2114 597 2211 μὴ
639 2117 970 2208 συνειδώς,
1008 2117 1345 2213 ἐκπλαγεὶς
1449 2104 1579 2169 tius
1630 2104 1845 2171 eastra
1881 2104 1960 2192 et,
2018 2107 2080 2171 si
2110 2103 2333 2171 eontra
2382 2102 2521 2170 ten·

1448 2220 1651 2321 deret,
1683 2224 1952 2291 emiliam
1980 2223 2284 2308 metuens,
2317 2240 2519 2313 pree-

1449 2338 1587 2410 huit
1662 2342 1997 2435 plerisque
2092 2346 2516 2434 suspicionem

1447 2464 1882 2531 eonscientiae.

314 1656 663 1728 v.14—16
710 1661 843 1725 τῶν
880 1653 1343 1750 δὲχιλιοίρχων

323 1806 354 1872 ὁ
420 1807 520 1900 τὴν
596 1809 886 1904 φυλακὴν
978 1808 1152 1904 ἔχων
1229 1814 1342 1879 τοῦ

318 2261 379 2333 δὲ
403 2274 489 2364 τῷ
508 2270 970 2368 ἀπροσδοκήτῳ
999 2273 1107 2342 καὶ
1134 2270 1344 2370 φοβη-

308 2416 429 2499 θεὶς
474 2422 709 2522 ἐφῆκεν
762 2423 1096 2496 εἰσελθεῖν.

301 2593 455 2666 cum
490 2598 788 2669 Tacitus
839 2604 1079 2668 utrum
1134 2597 1454 2668 conscius
1508 2595 1728 2668 fuerit
1762 2597 2121 2669 Martialis
2175 2618 2390 2669 necne
2445 2599 2518 2668 in

291 2733 482 2806 dubio
535 2736 919 2826 relinquat,
973 2735 1401 2807 Plutarchus
1439 2734 1734 2805 inscium
1792 2755 1950 2806 eum
2001 2735 2220 2807 fuisse
2273 2737 2516 2808 tradit.

282 2870 462 2943 Idem
518 2873 1059 2945 observavimus
1127 2874 1210 2943 de
1263 2872 1474 2944 Vinio
1543 2880 1615 2943 et
1670 2871 1944 2944 Othone
1998 2869 2222 2970 (Plut.
2280 2896 2339 2947 c.
2399 2875 2517 2959 21,

286 3009 468 3081 1-5
530 3005 606 3080 et
677 3010 848 3081 Tac.
907 3031 977 3081 c.·
1025 3005 1157 3107 13)
1198 3005 1274 3108 ¹).
1400 3011 1597 3094 Quae
1661 3009 1734 3079 in
1800 3012 2055 3082 castris
2109 2997 2518 3083 acciderunt

295 3145 464 3220 Plut.
531 3147 775 3218 statim
831 3148 1168 3220 absolvit:

278 3302 333 3354 V.
368 3285 683 3356 16—-20
713 3283 1044 3380 γενομένῳ
1075 3281 1149 3353 δὲ
1178 3283 1355 3359 ἐντὸς
1443 3304 1497 3353 c.
1561 3284 1678 3366 28,
1738 3284 1783 3354 4
1849 3288 2267 3378 anteposuere
2317 3287 2514 3355 ceteri

273 3419 486 3497 οὐδεὶς
596 3420 964 3490 ἀντέπεσεν.
1071 3417 1129 3490 οἱ
1232 3420 1352 3518 γὰρ
1441 3442 1690 3514 quoque
1764 3419 2012 3492 tribuni
2076 3424 2513 3493 centuriones-

485 3727 535 3793 1)
609 3724 673 3779 Si
694 3724 1111 3779 Nissenium
1128 3742 1182 3795 p.
1208 3724 1311 3779 506
1335 3740 1732 3795 sequeremur,
1768 3723 1831 3779 in
1856 3724 2152 3780 communi
2173 3725 2339 3782 fonte
2365 3726 2515 3782 duae

264 3816 448 3866 erant
483 3810 822 3880 relationes,
861 3828 1109 3881 quarum
1134 3810 1320 3865 altera
1342 3810 1631 3865 Martialis
1666 3810 2054 3881 incusaretur,
2092 3812 2280 3868 altera
2316 3812 2517 3868 defen-

258 3896 542 3966 deret-‚um
591 3901 767 3966 atque
814 3896 1056 3950 Tacitus
1100 3895 1264 3951 illam
1280 3939 1293 3965 ‚
1339 3896 1690 3952 Plutarchus
1737 3896 1893 3952 hanc
1925 3898 2165 3969 recepit.
2236 3898 2367 3953 Hoc
2400 3916 2520 3954 non

262 3990 642 4047 crediderim.
709 3991 862 4055 Nam
895 3992 1052 4064 quod
1088 3991 1252 4046 addit
1284 3991 1630 4046 Plutarchus
1667 3986 1744 4053 ὥς
1774 4010 1930 4069 φασι,
1967 3992 2080 4048 hoc
2114 4011 2236 4049 non
2269 4010 2517 4049 necesse

260 4092 365 4140 est
406 4102 487 4139 ex
522 4084 687 4140 fonte
733 4086 1094 4157 exscriptum
1141 4102 1300 4155 esse,
1345 4086 1453 4141 sed
1498 4090 1697 4157 potest
1733 4092 2011 4160 spectare
2056 4087 2132 4142 ad
2161 4092 2387 4155 praebuit
2416 4091 2520 4156 ple-

259 4175 457 4238 risque,
496 4175 558 4225 et
590 4170 841 4226 fortasse
876 4189 1084 4227 vocem
1118 4171 1515 4227 conscientiae
1551 4170 1709 4226 idem
1739 4189 1870 4226 esse
1893 4178 2076 4243 rame,
2112 4174 2270 4246 quod
2303 4174 2521 4232 bonam

266 4255 730 4327 conscientiam,
766 4274 884 4329 qua
918 4257 980 4313 vi
1014 4256 1309 4312 interdum
1343 4263 1676 4329 usurpatur,
1714 4257 2014 4314 diversum
2038 4259 2247 4317 effecit.

2144 4367 2213 4418 4}
