3084 4809
542 327 631 396 52
2229 331 2313 403 G.
2376 332 2493 414 25,
2546 339 2768 396 20-24.

540 529 918 622 ἀγνοοῦντες
933 530 1016 601 τὰ
1042 533 1453 628 πραττόμενα
1480 540 1611 611 τοῖς
1715 555 1838 629 que
1882 538 2258 629 praesentia
2306 531 2522 606 dubiis
2568 538 2632 606 et
2663 532 2781 604 leo-

539 664 736 736 εἰὸὀσι
786 668 890 737 καὶ
942 676 1333 742 συνεστῶσιν
1380 669 1451 739 ἐκ
1486 695 1610 740 πα·
1712 675 1948 763 nestiS,
2026 678 2209 766 isque
2293 670 2554 742 habitus
2638 678 2782 742 ani-

540 810 861 899 ρασκευῆς
888 802 1424 900 ἐμπεριεχόμενοι
1459 805 1601 878 καθ’
1710 828 1960 879 morum
2036 810 2203 903 fuit,
2286 812 2360 878 ut
2427 812 2779 901 pessimum

534 937 647 1008 ἕνα
713 941 818 1010 καὶ
890 940 1019 1011 δύο
1076 942 1406 1039 σποράδες
1479 944 1602 1014 ὑπὸ
1701 948 1963 1039 facinus
2002 945 2317 1016 auderent
2358 950 2577 1039 pauci,
2625 945 2780 1038 plu-

539 1074 727 1154 δέους
776 1077 849 1147 τὸ
902 1086 1182 1175 πρῶτον,
1248 1079 1385 1151 εἶτα
1454 1105 1603 1150 πει·
1706 1103 1811 1153 res
1846 1081 2100 1165 vellent,
2129 1103 2345 1153 omnes
2371 1083 2776 1175 paterentur.

533 1209 798 1291 σθέντες
850 1213 1418 1313 ἐπηκολούθησαν.

534 1351 619 1421 In
688 1352 823 1423 hoc
892 1354 1398 1425 sententiarum
1469 1375 1655 1426 nexu
1722 1356 1930 1445 plura
2004 1376 2146 1427 non
2218 1355 2518 1445 legimus
2589 1356 2778 1444 apud

534 1488 897 1572 Tacitum,
972 1491 1094 1560 sed
1164 1511 1222 1562 c.
1294 1492 1592 1563 36——38
1667 1512 1845 1581 quae
1914 1493 1989 1563 in
2072 1492 2329 1564 castris
2415 1492 2786 1564 evenerint

535 1625 1073 1715 diligentissime
1137 1628 1502 1700 describit:
1584 1649 1642 1700 c.
1716 1629 1809 1701 36
1830 1683 1846 1713 ,
1915 1629 1956 1699 6
2032 1650 2130 1719 sq.
2201 1617 2485 1723 strepere
2549 1633 2788 1700 minata

533 1761 922 1834 clamoribus
968 1767 1033 1835 et
1075 1764 1352 1834 tumultu
1398 1768 1462 1836 et
1493 1763 1940 1837 exhortatione
1990 1770 2232 1853 mutua,
2285 1788 2413 1837 non
2467 1770 2781 1860 tanquam

532 1906 600 1971 in
643 1900 887 1994 populo
939 1924 1016 1972 ao
1057 1900 1247 1995 plebe
1300 1908 1502 1973 variis
1555 1909 1749 1999 segni
1797 1902 2170 1974 adulatione
2224 1901 2499 1993 vocibuS‚
2555 1903 2673 1974 sed
2706 1905 2779 1973 ut

531 2023 844 2131 quemque
907 2037 1324 2113 adfluentium
1391 2006 1670 2111 militum
1732 2040 2169 2132 adspeoeerant
2183 2096 2201 2130 ,
2263 2049 2582 2133 prensare
2632 2063 2780 2111 ma-

530 2173 740 2267 mbae,
796 2176 1129 2269 complecti
1170 2182 1395 2265 armis,
1448 2177 1779 2246 conlocare
1830 2180 2038 2266 iuaeta,
2086 2182 2352 2270 praeire
2403 2199 2771 2249 sacramen-

536 2315 669 2381 tum
722 2315 838 2386 ete.
941 2313 1191 2403 Itaque
1245 2314 1307 2384 is
1361 2333 1635 2403 quoque
1695 2313 1951 2402 prodit,
2007 2313 2352 2384 neminem
2405 2291 2757 2393 restitisse,

538 2450 658 2521 sed
712 2470 830 2522 eos
884 2451 1006 2540 qui
1057 2451 1266 2521 inscii
1319 2458 1802 2533 accurrerent,
1867 2471 1912 2520 a
1965 2450 2267 2521 consciis
2319 2470 2537 2541 paene
2584 2447 2756 2521 invi-

535 2591 647 2657 tos
700 2588 792 2658 ad
846 2592 1361 2659 sacramentum
1416 2586 1715 2659 Othonis
1768 2589 2144 2678 perductos
2188 2609 2361 2662 esse.
2444 2587 2766 2682 γενομένῳ

535 2763 639 2775 —-
691 2723 1040 2794 ἀντέπεσεν
1095 2745 1183 2796 ex
1233 2744 1312 2795 re
1364 2724 1520 2814 ipsa
1573 2724 1841 2796 factum
1896 2730 2023 2796 est.

738 2861 956 2933 Redit
989 2860 1418 2932 Plutarchus
1455 2863 1548 2932 ad
1585 2862 1888 2934 Galbam
1926 2867 1999 2933 et
2047 2882 2338 2952 prorsus
2392 2861 2775 2933 consentit:

531 3019 600 3071 v.
659 2999 960 3070 20—24
1027 2999 1117 3073 εἰς
1169 2996 1243 3068 δὲ
1293 2998 1365 3068 τὸ
1421 2993 1798 3097 ΠαλάτιονΙ
1855 3019 1914 3069 c.
1991 2999 2118 3082 29,
2192 3002 2421 3071 1—-4
2492 3005 2783 3094 ignarus

532 3134 733 3212 εὐθὺς
783 3133 899 3227 μὲν
969 3134 1312 3231 ἀπηγγέλη
1368 3141 1465 3231 τῷ
1516 3131 1752 3232 Γάλβᾳ
1854 3122 2113 3189 interim
2173 3117 2378 3189 Galba
2442 3124 2507 3190 et
2567 3125 2785 3192 sacris

529 3275 849 3370 παρόντος
900 3271 993 3343 ἔτι
1043 3278 1156 3344 τοῦ
1211 3270 1412 3342 θύτου
1465 3272 1572 3341 καὶ
1621 3279 1752 3341 τῶν
1856 3243 2143 3309 intentus
2186 3237 2526 3335 fatigabat
2573 3240 2793 3310 alieni

1856 3365 1989 3429 iam
2057 3363 2318 3451 imperii
2387 3358 2554 3449 deoc,
2628 3382 2788 3430 cum

1855 3480 2150 3574 adfertur
2201 3495 2423 3549 rumor
2489 3484 2643 3573 rapi
2709 3487 2793 3551 in

1856 3603 2076 3670 castra
2175 3601 2488 3669 incertum
2587 3620 2794 3692 quenz

1854 3723 2232 3810 senatorem,
2270 3738 2421 3788 mom
2467 3717 2796 3791 Othonem-

529 3819 933 3917 πλήττεσθαι
950 3822 1057 3890 καὶ
1073 3819 1440 3913 θαυμάζειν
1460 3821 1531 3891 τὸ
1555 3819 1752 3891 θεῖον.
1855 3860 2007 3926 3333,
2063 3833 2179 3933 qm·
2225 3843 2581 3932 raperetur,

532 3407 723 3507 ἱερῶν
775 3409 843 3479 ἐν
892 3410 1113 3506 χερσὶν
1166 3409 1387 3498 ὄντων,
1442 3411 1615 3479 ὥστε
1651 3409 1753 3478 καὶ

531 3546 678 3623 τοὺς
724 3547 897 3618 πάνυ
950 3547 1114 3644 πρὸς
1165 3545 1246 3616 τὰ
1298 3550 1559 3616 τοιαῦτα
1597 3544 1750 3615 δυσ-

530 3680 784 3761 πειθῶς
833 3686 939 3753 καὶ
991 3684 1237 3761 ἀτενῶς
1315 3680 1587 3778 ἔχοντας
1656 3681 1752 3752 ἐκ·

531 3976 959 4048 Plntarchns
1013 3978 1236 4048 denuo
1304 3976 1730 4047 sacrificium
1783 3976 2112 4065 pluribus
2158 3976 2397 4058 verbis
2452 3975 2797 4066 attingit,

533 4112 780 4183 deinde
858 4114 1219 4185 Palatium
1297 4113 1649 4196 nominat,
1732 4114 1917 4204 qnod
1988 4113 2536 4203 intellegendum
2616 4133 2799 4189 esse

532 4268 659 4340 per
693 4269 766 4318 se
803 4257 1118 4339 apparet,
1155 4270 1378 4339 neque
1431 4250 1732 4320 reticere
1785 4218 2035 4338 potest,
2086 4251 2254 4341 quid
2306 4250 2456 4339 ipse
2510 4252 2805 4328 sentiat
