3084 4809
288 335 367 405 G.
427 335 541 417 20,
596 352 819 406 22-25.
1798 317 1801 320 Δ
2422 337 2513 406 23

291 539 329 608 3
358 578 441 591 --
484 539 524 608 6
607 544 678 607 iu
766 542 1041 609 intinere
1059 596 1075 629 ,
1169 545 1238 607 iu
1324 545 1591 634 agmine
1604 592 1623 630 ‚
1711 545 1780 608 iu
1866 537 2252 611 stationibus
2341 545 2518 612 vetu-

287 680 626 747 stissimum
707 696 1015 769 quemque
1094 676 1367 746 militum
1430 682 1685 746 nomine
1748 699 1977 748 vocaus
2055 701 2131 750 ae
2210 683 2517 748 memoria

220 854 224 858 <
293 810 628 884 Neroniani
739 816 1077 883 comitatus
1193 811 1679 883 contubernales
1795 814 2237 907 appellando;
2355 815 2520 884 alios

296 951 698 1045 adgnoscere5
789 951 1097 1043 quosdam
1186 955 1510 1043 requirere
1599 953 1664 1018 et
1731 955 2010 1042 pecunia
2101 954 2219 1020 aut
2288 954 2520 1045 gralia

298 1093 520 1157 iuvare.
665 1088 921 1176 Itaque
1011 1087 1189 1158 haee
1270 1088 1694 1158 Platarehus
1782 1108 1826 1157 a
1900 1088 2148 1160 Tacito
2247 1108 2518 1158 sumere

295 1223 524 1312 potuit,
583 1225 728 1307 sed,
787 1244 943 1294 eum
980 1224 1098 1294 hie
1135 1245 1268 1312 quo
1306 1226 1508 1295 modo
1547 1225 1808 1295 milites
1845 1225 1995 1295 eius
2031 1223 2218 1294 modi
2254 1225 2517 1295 maehi-

309 1361 692 1454 nationibus
732 1360 1061 1431 commoti
1098 1360 1241 1430 sint
1292 1362 1538 1432 deinde
1596 1361 1950 1451 depingat,
2008 1361 2126 1431 ille
2180 1359 2518 1450 frigidum

314 1498 519 1568 adsuit
611 1499 1170 1568 additamentum
1249 1497 1330 1567 τὰ
1414 1496 1528 1590 μὲν
1600 1498 1970 1590 αἰτούμενος
2046 1504 2202 1580 ete„
2274 1519 2518 1588 nempe

322 1638 391 1702 ut
451 1649 735 1717 moneat,
792 1655 1002 1722 penes
1038 1635 1166 1704 hos
1219 1634 1438 1705 fuisse
1493 1656 1832 1705 summam
1887 1657 2122 1706 rerum
2174 1630 2301 1731 (ef.
2342 1636 2511 1706 Tae.

322 1788 374 1839 c.
421 1772 533 1854 13,
600 1776 635 1842 1
711 1792 813 1861 sq.
884 1774 1176 1863 potentia
1233 1775 1648 1864 principatus
1713 1771 1921 1842 divisa
1990 1779 2057 1841 in
2131 1770 2193 1842 T.
2275 1771 2519 1843 Vinium

334 1907 611 1975 consulem
688 1911 746 1978 et
831 1907 1194 1978 Cornelium
1279 1906 1592 1977 Laconem
1670 1904 1994 2000 praetorii
2082 1910 2520 2004 praefectum3

339 2060 437 2109 neo
497 2048 688 2113 minor
747 2046 980 2139 gratia
1062 2043 1219 2115 Icelo
1305 2041 1544 2114 Galbae
1613 2042 1840 2115 liberto
1893 2099 1907 2114 .
2018 2100 2031 2116 .
2145 2102 2159 2116 .
2268 2039 2341 2142 .)‚
2400 2048 2521 2116 sed

327 2181 616 2251 memoria
693 2181 919 2251 falsus
996 2179 1394 2254 Asiaticum
1476 2202 1752 2271 quoque
1842 2182 2175 2264 nominat,
2245 2181 2520 2253 Vitellii

316 2314 610 2388 libertum
647 2314 771 2415 (ef.
812 2319 881 2387 h.
927 2318 991 2400 2,
1044 2321 1171 2405 573
1231 2322 1327 2389 94
1364 2325 1435 2389 et
1490 2318 1607 2390 95.
1649 2319 1840 2389 Suet.
1896 2321 1981 2389 V.
2050 2314 2194 2415 12).
2267 2320 2518 2408 Itaque

311 2453 583 2542 cogitari
654 2461 908 2544 potest,
975 2453 1440 2525 Plutarchum
1504 2456 1665 2525 inde
1740 2476 1784 2525 a
1849 2453 2125 2525 πλεῖστα
2189 2456 2518 2527 Tacitum

308 2598 592 2663 secutum
665 2612 837 2675 esse,
919 2592 1071 2664 veri
1127 2592 1565 2682 similiusque
1631 2592 1764 2662 hoe
1827 2590 1927 2674 fit,
1998 2592 2163 2681 quia
2225 2599 2519 2682 uterque

297 2727 361 2797 in
412 2729 537 2801 hoe
595 2749 867 2800 conexu
921 2730 1209 2799 eandem
1264 2729 1870 2800 narratiunculam
1935 2729 2188 2800 adicit:
2507 2805 2510 2806 ⁷

294 2868 665 2937 v.22-25
693 2868 908 2941 ὁσάκις
942 2864 1014 2934 δὲ
1044 2865 1148 2934 τὸν
1175 2861 1344 2935 Γάλ-
1451 2887 1509 2937 c.
1555 2868 1670 2948 24,
1729 2867 1937 2935 4--7
2005 2860 2323 2961 (Maevius
2393 2864 2519 2936 Pu-

293 2999 396 3097 βαν
451 3000 680 3088 εἱστία,
732 3003 848 3098 τὴν
910 3002 1343 3099 παραφυλάτ-
1448 3003 1642 3093 dens)
1697 3024 1767 3071 eo
1811 3002 2135 3095 paulatim
2194 3023 2510 3096 progres-

290 3161 504 3210 τουσαν
577 3140 680 3208 ἀεὶ
746 3146 1016 3237 σπεῖραν
1080 3139 1346 3218 ἐδέκαζε
1448 3160 1561 3208 Sus
1614 3142 1727 3227 est,
1785 3141 1858 3207 ut
1901 3160 2026 3231 per
2061 3145 2328 3230 speeiem
2365 3162 2516 3209 eou-

284 3282 554 3372 χρυσοῦν
586 3276 1211 3372 ἐκάστῳδιανέμων,
1252 3277 1348 3352 οἷς
1452 3280 1622 3359 oioii,
1698 3278 1988 3368 quotiens
2070 3274 2275 3345 Galba
2344 3276 2525 3369 apud

277 3418 452 3503 τιμᾶν
522 3412 720 3502 αὐτὸν
788 3413 995 3483 ἐδόκει
1059 3438 1342 3483 καταπο-
1460 3384 1761 3482 Othonem
1814 3411 2209 3504 epularetur,
2273 3409 2520 3482 cohorti

274 3546 687 3643 λιτευόμενος
759 3550 862 3619 καὶ
935 3549 1349 3645 δημαγωγῶν
1453 3547 1758 3620 eoeoubias
1809 3552 2037 3645 agenti
2080 3551 2319 3619 viritim
2372 3570 2518 3620 ceu-

273 3685 340 3754 τὸ
394 3688 869 3783 στρατιωτικόν.
1457 3691 1634 3757 tenos
1687 3707 1978 3755 auruncos
2032 3684 2359 3756 divideret.

274 3824 734 3908 PlutarchuS‚
799 3832 881 3895 ut
948 3831 1056 3895 est
1109 3824 1412 3914 diligens
1467 3824 1539 3893 in
1594 3825 1931 3912 pecuniae
1987 3824 2275 3894 summis
2329 3821 2519 3892 adfe-

270 3962 520 4032 tendis
558 3955 635 4056 1),
724 3967 1052 4033 centenos
1116 3981 1432 4031 nummos
1513 3967 1704 4031 reete
1774 3966 2003 4057 χρυσῷ
2082 3960 2319 4048 vertit,
2397 3961 2523 4030 sed

490 4264 542 4332 1)
613 4262 684 4318 ef.
721 4264 775 4320 G
822 4265 872 4333 2,
908 4266 942 4319 5
979 4281 1088 4335 sq.;
1123 4263 1206 4333 21,
1245 4265 1331 4332 103
1366 4264 1451 4348 28.
1486 4264 1535 4318 7.
