3084 4809
2380 256 2470 328 15

246 489 478 540 senem
515 469 750 541 visum
785 487 937 538 esse
973 468 1194 538 adicit
1227 465 1429 539 brevi
1466 467 1594 537 sub
1631 471 2047 555 potestatem
2082 464 2277 534 Vinii
2312 484 2476 534 ven-

246 612 502 677 turum.
595 605 813 677 Cuius
863 625 924 676 6.
972 606 1057 675 12
1106 608 1510 675 tractantur
1544 623 1793 687 mores,
1848 607 1920 673 et
1972 621 2073 674 cc.
2118 604 2207 672 13
2258 607 2329 672 et
2391 604 2479 671 14

250 742 409 832 quid
457 742 729 813 factum
783 742 880 813 sit
932 762 1087 813 cum
1122 740 1548 831 Nymphidio
1602 740 1922 830 legimus.
1995 760 2050 810 6.
2117 742 2207 810 15
2248 739 2480 811 Galba

249 882 393 950 eius
446 879 769 950 conscios
820 878 1121 950 interfici
1173 880 1371 949 iubet
1421 882 1492 948 et
1543 878 1689 948 alia
1726 863 2100 948 committit
2134 875 2476 959 facinora,

253 1018 495 1106 quibus
549 1016 809 1087 malam
876 1015 1139 1086 famam
1202 1015 1596 1105 conquirat.
1718 1015 1923 1085 Hanc
1974 1014 2317 1086 rationem
2374 1033 2474 1085 cc.

255 1155 342 1225 16
408 1161 477 1225 et
549 1155 641 1224 17
709 1174 983 1243 quoque
1051 1153 1386 1243 sequitur,
1456 1153 1580 1223 ubi
1646 1153 1730 1221 de
1775 1151 2111 1240 repetitis
2178 1151 2477 1221 Neronis

261 1291 598 1362 donativis
687 1291 929 1379 agitur
1015 1294 1086 1360 et
1172 1290 1317 1360 alia
1395 1288 1590 1376 Vinii
1676 1286 1870 1358 facta
1956 1292 2473 1358 enumerantur.

270 1446 322 1495 6.
375 1427 455 1499 18
508 1428 937 1498 Plutarchus
1006 1428 1098 1497 ad
1155 1425 1381 1516 ipsam
1448 1426 1926 1510 narrationem
1991 1430 2476 1512 transgressus

274 1562 440 1647 dicit,
475 1586 556 1636 ea
596 1566 681 1635 de
718 1584 795 1635 re
829 1564 934 1632 καὶ
969 1563 1051 1633 τὰ
1088 1565 1368 1658 μετρίως
1403 1564 1819 1658 πραττόμενα
1857 1570 2183 1652 suspecta
2236 1561 2476 1644 fuisse,

275 1699 449 1771 velut
479 1703 660 1812 quod
714 1702 946 1772 Galba
983 1700 1303 1772 Vindicis
1337 1700 1808 1771 sectatoribus
1861 1698 2123 1771 faviset
2157 1703 2228 1769 et
2263 1699 2473 1770 dona-

282 1834 487 1905 tivum
528 1837 863 1909 militibus
926 1858 1067 1907 non
1129 1836 1593 1926 praebuisset.
1702 1836 1837 1905 Sed
1902 1835 2102 1905 miles
2162 1832 2474 1906 urbanus

294 1971 578 2057 quamvis
610 1972 826 2045 iratus
862 1979 1097 2044 tamen
1134 1973 1434 2063 quietem
1486 1974 1768 2063 agebat,
1808 1991 1965 2042 cum
2002 1973 2143 2052 dux
2182 1973 2473 2062 deesset,

278 2103 384 2176 sed
415 2108 480 2179 in
515 2111 892 2201 Germania-
945 2110 1303 2200 superiore
1340 2111 1652 2201 legiones
1706 2110 1925 2196 multo
1963 2109 2190 2198 magis
2231 2111 2471 2180 turba-

272 2252 517 2317 verunt.

445 2385 777 2474 Apparet,
815 2385 1201 2455 Plutarcho
1252 2384 1326 2457 in
1374 2383 1509 2454 hac
1544 2383 1698 2456 vita
1734 2403 1874 2454 non
1909 2383 2061 2453 eius
2098 2383 2286 2455 modi
2320 2383 2469 2455 fon·

264 2522 360 2588 tes
390 2526 659 2609 praesto
699 2521 939 2604 fuisse,
979 2542 1151 2612 quos
1188 2521 1531 2611 imprimis
1585 2520 1784 2608 sequi
1836 2521 2113 2604 soleret,
2153 2522 2277 2591 sed
2314 2541 2470 2592 eum

261 2674 336 2726 ex
382 2659 751 2730 annalibus
804 2658 1158 2749 aliquibus
1228 2659 1460 2729 omnia
1528 2657 1936 2747 conlegisse.
2047 2659 2247 2742 Item,
2312 2678 2468 2730 611111

250 2791 371 2865 1106
402 2796 557 2867 1060
595 2816 765 2870 vere
811 2795 1105 2884 incipiat
1157 2795 1589 2866 narrationis
1641 2801 1861 2877 tenor,
1901 2816 2057 2866 eum
2094 2794 2235 2866 iam
2274 2796 2470 2866 adhi-

246 2932 468 3004 buisse
535 2933 884 3022 suspicari
952 2933 1120 3004 licet
1189 2937 1571 3016 auctorem,
1640 2931 1762 3022 qui
1828 2934 1963 3003 hoc
2028 2932 2466 3022 potissimum

242 3070 571 3161 temporis
608 3078 952 3141 momento
974 3068 1269 3141 'initium
1306 3075 1609 3175 caperet.
1690 3069 1889 3153 Quod
1927 3068 2118 3141 cadit
2152 3070 2225 3141 in
2264 3070 2468 3141 Taci-

246 3210 400 3279 tum.
515 3207 667 3277 Iam
721 3207 899 3277 enim
969 3226 1192 3297 usque
1244 3208 1336 3308 ad
1389 3205 1685 3279 Othonis
1749 3212 2063 3290 mortem,
2130 3206 2254 3278 ubi
2304 3208 2469 3278 Plu-

237 3346 527 3416 tarchus
592 3345 878 3428 desinit,
947 3344 1323 3434 scriptores
1395 3342 1544 3413 sibi
1597 3345 2042 3433 respondent.
2164 3344 2319 3428 Qua
2383 3345 2467 3415 de

235 3501 452 3556 causa
524 3482 657 3553 hoc
726 3483 880 3553 1060
948 3502 1065 3556 eos
1130 3501 1538 3570 comparare
1610 3480 1957 3570 incipiam,
2022 3486 2256 3571 atque,
2330 3502 2465 3571 quo

232 3617 520 3690 facilius
570 3638 684 3689 res
737 3618 1225 3708 perspiciatur,
1279 3618 1514 3689 facere
1584 3638 1720 3689 non
1780 3637 2083 3707 possum,
2141 3618 2309 3707 quin
2362 3624 2465 3688 to-

231 3760 379 3826 tum
433 3756 807 3827 Plutarchi
861 3761 1260 3827 contextum
1312 3762 1621 3845 repetam
1664 3749 1739 3852 ¹).

438 4006 490 4073 1)
559 4004 862 4066 Plutarchi
916 4024 1132 4078 sequor
1185 4005 1502 4061 editionem
1538 4004 1842 4061 Sintenisii
1885 4006 2173 4061 minorem
2209 4010 2228 4041 2
2262 4006 2375 4062 vol.
2414 4009 2466 4064 V

227 4088 470 4163 Lipsiae
508 4089 654 4159 1874,
689 4107 899 4147 versus
946 4109 1019 4147 ex
1064 4092 1322 4148 editione
1365 4091 1587 4146 maiore
1630 4092 1743 4147 vol.
1790 4089 1875 4149 IV
1917 4091 2154 4164 Lipsiae
2194 4093 2327 4149 1846
2362 4094 2461 4147 ad-

231 4178 459 4251 scripsi.
532 4178 723 4233 Taciti
758 4178 999 4233 adhibui
1036 4177 1352 4233 editionem
1386 4176 1609 4232 Halmii
1643 4182 1911 4249 quartam
1947 4177 2185 4250 Lipsiae
2223 4179 2371 4236 1883.
