3084 4809
280 338 338 412 0.
385 341 493 424 1-1,
546 351 731 416 72-18.
2318 337 2467 410 139

273 545 681 619 tritissimum
741 549 862 619 sed
909 567 1125 637 saepe
1188 553 1432 638 aptum
1483 589 1605 631 --,
1658 547 1906 619 deinde
1960 545 2472 618 Gerstenecker

271 684 707 769 obliviscitur,
777 686 1107 758 Tacitum
1173 686 1395 758 libros
1462 707 1629 758 suos
1698 685 1770 760 in
1830 686 2030 769 haec,
2104 704 2281 774 quae
2344 702 2471 754 nos

268 820 590 906 habemus
653 824 890 914 capita
937 845 1077 896 non
1130 824 1490 897 divisisse:
1551 823 2000 914 praecedenti
2050 822 2284 912 eapite
2306 873 2313 881 .
2336 824 2475 894 ter-

269 957 498 1031 minum
547 982 596 1033 a
633 982 772 1052 quo
805 962 1214 1052 planissime
1251 962 1639 1051 significat3
1694 963 1979 1034 tertium
2015 980 2170 1034 mea
2198 959 2476 1050 quidem

268 1099 604 1183 sententia,
677 1101 1094 1191 quicumque
1165 1101 1394 1172 locum
1462 1101 1672 1190 leget,
1743 1100 1897 1172 inde
1964 1101 2053 1171 ad
2116 1103 2353 1172 castra
2406 1105 2478 1168 et

265 1232 545 1308 distantes
582 1239 676 1309 ad
711 1236 1108 1334 constumias·
1133 1239 1414 1310 referet.
1481 1239 1621 1309 Sed
1657 1238 1803 1310 alia
1839 1256 2112 1328 quoque
2143 1238 2473 1307 Gersten-

264 1372 486 1445 eckero
526 1373 898 1447 obicienda
935 1382 1120 1448 sunt.
1202 1376 1378 1448 Cum
1415 1376 1693 1448 omnino
1732 1381 1971 1448 castra
2004 1379 2474 1456 moverentur,

268 1505 377 1580 iam
417 1513 828 1595 constabat,
896 1514 1065 1604 quid
1116 1515 1257 1586 iter
1306 1515 1632 1586 insanum
1686 1513 1823 1586 sibi
1876 1513 2113 1588 vellet.
2219 1513 2474 1601 Itaque

266 1663 484 1733 parum
555 1650 916 1734 credibile,
985 1652 1268 1724 Celsum
1331 1658 1405 1723 et
1467 1652 1870 1736 Paulinum,
1938 1653 2004 1723 si
2066 1655 2277 1723 antea
2340 1669 2475 1720 non

265 1791 672 1871 recusarent,
742 1788 816 1860 in
880 1789 1108 1861 medio
1147 1789 1428 1861 ⁴itinere
1496 1791 1631 1863 hoc
1695 1789 1979 1878 fecisse3
2047 1788 2282 1878 potius
2337 1808 2476 1871 eos,

264 1920 310 1990 si
354 1931 572 1997 antea·
633 1946 773 1996 non
842 1933 1275 2010 recusarent,
1343 1927 1578 1998 animo
1630 1927 1930 2002 demisso
1984 1933 2055 1998 et
2107 1927 2476 2015 desperato

266 2063 504 2135 omnia·
541 2062 701 2134 fieri
761 2084 1010 2153 passos
1073 2084 1226 2136 esse
1290 2064 1746 2138 crediderim..
1840 2066 2241 2146 Praeterea,
2295 2064 2479 2134 unde

265 2193 560 2283 TacituS,
624 2200 807 2271 unde
873 2202 1153 2273 omnino
1218 2202 1591 2293 quisquam
1659 2202 1840 2274 scire
1892 2202 2143 2292 potuit,
2200 2200 2478 2273 Celsum

267 2337 322 2403 et
359 2336 741 2421 Paulinum
795 2342 993 2410 sexto
1051 2339 1317 2412 decimo
1370 2341 1829 2430 potissimum·
1868 2361 1912 2411 a
1966 2338 2477 2414 confluentibus

266 2467 476 2560 lapide'
529 2475 1010 2547 dubitationes
1063 2497 1229 2548 suas
1282 2474 1714 2566 protulisse?
1800 2478 1906 2548 Ne
1959 2478 2148 2566 ipsos
2202 2476 2480 2567 quidem

255 2604 375 2680 'hoc
399 2613 742 2685 memoria
769 2612 1079 2684 tenuisse
1106 2599 1300 2703 puto.
1371 2614 1693 2704 Denique
1721 2614 1783 2686 si
1816 2616 1906 2686 16
1939 2636 2029 2685 m.
2060 2634 2104 2685 a
2131 2612 2480 2686 confluen-

266 2743 428 2821 tibus
461 2751 516 2822 i.
558 2770 617 2820 e.
659 2751 757 2821 10
786 2772 876 2822 m.
916 2771 961 2822 a
988 2751 1335 2824 Cremona
1371 2754 1691 2836 aberant,
1729 2753 1868 2826 iter
1901 2752 2218 2828 fecerant
2270 2753 2314 2822 6
2364 2773 2479 2835 m.‚

268 2888 556 2973 spatium
607 2888 800 2960 haud
851 2887 955 2961 ita
1008 2910 1362 2980 magnum,
1417 2896 1499 2962 ut
1553 2890 1789 2980 quiete
1843 2911 2016 2981 opus
2070 2896 2274 2963 esset.
2389 2937 2394 2948 -

440 3028 700 3114 Itaque
749 3028 1124 3097 tenendum
1162 3032 1314 3109 esu·
1346 3033 1417 3097 et
1451 3026 1792 3115 petivisse
1828 3027 2265 3100 Othonianos
2319 3048 2479 3104 con-

273 3153 540 3234 tuentes
607 3162 790 3234 Padi
857 3168 929 3233 et
994 3163 1245 3236 Aduae
1311 3162 1699 3246 fluminum,
1768 3169 1839 3235 et
1911 3165 2212 3237 sedecim
2283 3166 2480 3237 milia

262 3300 594 3381 pertinere
629 3300 721 3371 ad
757 3303 985 3372 totum
1019 3299 1175 3370 iter.
1270 3301 1622 3376 Numerus
1677 3307 1867 3372 certe
1922 3307 2293 3393 corruptus
2348 3309 2475 3375 est.

262 3428 582 3509 Fortasse
608 3436 785 3508 XVI
813 3437 1225 3509 mutandum
1252 3436 1326 3507 in
1353 3438 1603 3512 XXIV
1624 3439 1740 3510 vel
1764 3439 2066 3512 similem
2093 3457 2480 3513 numerum.

266 3567 585 3665 Antiquis
639 3574 824 3645 enim
891 3594 1125 3648 rerum
1180 3575 1646 3665 scriptoribus
1701 3576 1775 3647 in
1828 3577 1980 3650 eius
2032 3579 2220 3650 modi
2271 3583 2482 3653 rebus

264 3701 438 3781 haud
503 3710 800 3782 multum
852 3711 1017 3783 fidei
1069 3713 1467 3784 habendum
1521 3734 1675 3785 esse
1728 3720 2026 3790 constat.
2144 3717 2480 3792 Dubitari

264 3838 436 3930 licet,
508 3867 646 3938 quo
710 3847 867 3922 loco
933 3868 1019 3919 ea
1088 3848 1283 3921 facta
1352 3849 1513 3934 sint,
1589 3870 1767 3941 quae
1832 3872 1877 3923 a
1930 3853 2182 3925 Tacito
2250 3875 2309 3926 c.
2382 3857 2478 3927 40

266 3991 690 4058 enarrantur.
781 3983 1018 4056 Primo
1057 3986 1142 4056 de
1177 3985 1434 4058 castris
1477 3986 1793 4076 cogitavi
1831 3994 2063 4080 atque,
2103 3998 2478 4081 antequam

269 4111 394 4188 iter
444 4121 913 4205 incoharetur‚
982 4122 1216 4195 omnia
1267 4123 1465 4196 facta
1513 4145 1670 4212 esse
1734 4132 1805 4197 et
1853 4131 2100 4200 atrocia
2150 4129 2478 4222 mandata,

274 4270 438 4347 quae
499 4262 664 4335 citus
736 4280 894 4360 equo
958 4257 1233 4337 Numida
1269 4260 1624 4353 adferret,
1693 4264 1876 4342 idem
1940 4266 2161 4344 fuisse
2230 4270 2480 4366 putavi
