3084 4809
520 288 671 358 104
2305 280 2386 351 Ο.
2447 279 2512 362 6,
2538 297 2763 354 .1-16.

728 489 900 579 Cap.
955 490 1058 560 VI
1112 487 1343 577 pergit
1399 487 1483 556 de
1541 484 1895 575 Spurinna
1947 503 2189 573 agere:

521 666 591 718 v.
650 643 897 714 1—16
968 642 1193 736 ὤνησε
1259 638 1333 709 δὲ
1392 638 1473 708 τοὶ
1536 638 1893 735 πράγματα
1954 638 2060 707 καὶ
2124 635 2487 734 Σπουρίναν
2543 638 2610 707 ἐν
2662 644 2765 734 τῷ

524 781 885 877 παραυτίκα
937 777 1223 875 λοιδορία
1266 776 1416 873 περὶ
1451 772 1847 848 Πλακεντίαν
1891 775 2206 872 γενομένη
2259 783 2392 845 τῶν
2444 799 2763 871 στρατιω-

520 926 671 987 τῶν.
726 912 785 986 οἱ
835 915 957 1013 γὰρ
1014 909 1387 987 Οὐιτελλίου
1422 919 1556 989 τοῖς
1606 915 1847 1007 τείχεσι
1897 910 2420 1010 προσβάλλοντες
2483 910 2767 1007 ἐχλεύα-

523 1054 631 1134 ζον
685 1052 833 1130 τοὺς
872 1045 1176 1128 Ὄθωνος
1240 1054 1531 1126 ἑστῶτας
1602 1049 1786 1146 παρὰ
1854 1050 1970 1125 τὰς
2034 1048 2364 1134 ἐπάλξεις,
2429 1049 2767 1145 σκηνικοὺς

521 1192 625 1261 καὶ
676 1189 1113 1287 πυρριχιστὰς.
1151 1189 1257 1258 καὶ
1292 1184 1562 1258 Πυθίων
1618 1188 1724 1257 καὶ
1753 1181 2140 1280 Ὀλυμπίων
2194 1185 2513 1284 θεωρούς,
2567 1187 2766 1256 πολέ-
2845 1285 2850 1290 ἱ

522 1353 647 1420 μου
704 1326 778 1397 δὲ
830 1327 935 1396 καὶ
1004 1328 1344 1422 στρατείας
1414 1325 1729 1422 ἀπείρους
1794 1325 1899 1394 κάὶ
1969 1295 2294 1401 ἀθεάτους
2364 1322 2767 1393 ἀποκαλοῦν-

520 1490 648 1548 τες,
702 1464 805 1534 καὶ
859 1464 1027 1558 μέγα
1081 1468 1476 1559 φρονοῦντας
1540 1462 1648 1532 ἐπὶ
1700 1468 1798 1558 τῷ
1851 1462 2149 1558 γέροντος
2217 1460 2504 1532 ἀνόπλου
2558 1485 2766 1556 κεφα-

521 1601 643 1697 λὴν
689 1601 1066 1692 ἀποτεμεῖν,
1102 1600 1208 1669 τὸν
1239 1596 1501 1696 Γάλβαν
1555 1599 1872 1691 λέγοντες,
1929 1599 2020 1675 εἲς
2074 1596 2148 1667 δὲ
2203 1598 2429 1693 ἀγῶνα
2479 1599 2587 1667 καὶ
2642 1599 2766 1690 μά·
2885 1575 2889 1580 ”

522 1764 652 1834 χην
707 1736 960 1834 ἀνδρῶν
1029 1737 1141 1807 οὐκ
1207 1735 1285 1806 ἂν
1351 1735 1650 1831 ἐκφανῶς
1713 1733 2135 1833 καταβάντας.
2194 1734 2367 1805 οὕτω
2429 1735 2550 1833 γὰρ
2624 1736 2760 1806 ἐτα-

527 1872 876 1973 ράχθησαν
947 1874 1071 1944 ὑπὸ
1141 1875 1387 1943 τούτων
1456 1881 1589 1943 τῶν
1660 1873 1921 1943 ὀνειδῶν
1984 1873 2089 1941 καὶ
2141 1872 2523 1967 διεκάησαν,
2590 1876 2763 1943 ὥστε

527 2017 919 2109 προσπεσεῖν
970 2018 1068 2107 τῷ
1128 2009 1460 2108 Σπουρίνᾳ
1512 2010 1803 2103 δεόμενοι
1854 2008 2147 2106 χρῆσθαι
2198 2010 2301 2079 καὶ
2349 2012 2768 2106 προστάττειν

532 2151 749 2226 αὐτοῖς
802 2146 1034 2219 οὐδένα
1100 2147 1383 2218 κίνδυνον
1452 2146 1606 2217 οὐδὲ
1664 2148 1856 2216 πόνον
1918 2146 2434 2242 ἀπολεγομένοις.
2498 2148 2765 2242 ἰσχυρᾶς

524 2285 596 2355 δὲ
652 2288 983 2382 συστάσης
1047 2285 1468 2380 τειχομαχίας
1518 2286 1625 2354 καὶ
1679 2285 2178 2380 μηχανημάτων
2242 2283 2502 2356 πολλῶν
2563 2307 2757 2379 προσ-

526 2422 864 2518 αχθὲντων
929 2421 1293 2519 ἐκράτησαν
1371 2423 1429 2491 οἱ
1505 2427 1620 2491 τοῦ
1675 2419 2037 2517 Σπουρίνα,
2118 2422 2225 2490 καὶ
2288 2422 2476 2516 φόνῳ
2540 2419 2762 2515 πολλῷ

523 2561 672 2638 τοὺς
750 2559 1076 2635 ἐναντίους
1145 2559 1708 2656 ἀποκρουσάμενοι
1784 2546 2178 2655 διετήρησαν
2247 2556 2501 2637 ἔνδοξον
2579 2555 2767 2626 πόλιν

523 2699 624 2766 καὶ
688 2705 820 2767 τῶν
878 2683 1147 2766 Ἰταλῶν
1212 2695 1517 2788 οὐδεμιᾶς
1585 2697 1778 2791 ἧττον
1849 2695 2192 2765 ἀνθοῦσαν.
2322 2696 2464 2766 Hic
2525 2696 2767 2785 a‘h'qua

530 2835 711 2916 sunt,
767 2853 947 2924 quae
1003 2832 1380 2905 offendant.
1490 2835 1734 2904 Prima
1788 2832 2066 2924 quidem
2118 2835 2338 2905 verba
2393 2833 2613 2928 ὤνησε
2670 2873 2765 2886 --

525 2978 939 3067 στρατιωτῶν
994 2972 1297 3060 scriptor
1348 2971 1665 3053 inseruit,
1716 2975 1798 3040 ut
1833 2972 1924 3041 ad
1960 2970 2369 3041 Placentiae
2406 2990 2768 3059 oppugna-

526 3110 790 3180 tionem
871 3108 1398 3180 describendam
1476 3107 1849 3178 transiret·.·
1947 3109 2195 3191 Quam:
2243 3127 2402 3178 cum
2472 3106 2775 3178 Tacitus

523 3251 806 3317 enarret
872 3250 954 3317 ut
1025 3246 1231 3315 homo
1298 3265 1465 3317 vere
1530 3245 1932 3328 historicuS‚
2005 3243 2435 3315 Plutarchus
2489 3244 2599 3315 ita
2644 3245 2775 3314 ad-

523 3384 745 3454 nectit
782 3384 872 3454 ad
908 3382 1416 3464 antecedentia,
1470 3387 1553 3452 ut
1602 3381 1782 3452 nihil
1837 3381 2034 3452 aliud
2081 3381 2185 3451 sit
2218 3380 2359 3451 nisi
2414 3380 2776 3470 appendix

526 3541 787 3603 eorum,
845 3540 1022 3610 quae
1069 3521 1152 3611 de
1189 3520 1556 3608 utriusque
1605 3518 1958 3590 exercitus
2011 3518 2209 3591 vitiis
2264 3535 2479 3608 supra
2504 3518 2774 3589 ‘decla-

524 3656 769 3729 mavit.
860 3657 1231 3727 Vitelliani
1261 3656 1700 3727 Placentiam
1737 3656 2250 3745 adgrediuntur
2284 3656 2352 3727 h.
2398 3657 2464 3739 2,
2509 3656 2624 3737 20,
2667 3658 2771 3726 12

522 3788 901 3891 (Caecina)
958 3792 1230 3864 consilia
1280 3814 1598 3888 curasque
1658 3799 1727 3862 in
1783 3795 2330 3888 oppugnationem
2406 3790 2776 3862 Placentiae
2886 3859 2897 3866 -

522 4051 578 4098 et
614 4045 894 4100 Suetonio
930 4043 1231 4115 Marioque
1269 4042 1512 4097 ducibus
1550 4007 2070 4114 appropinquabat.
2145 4042 2263 4096 Sed
2296 4048 2501 4096 tamen
2524 4059 2779 4098 resnou

526 4135 617 4183 est
654 4129 1066 4184 addubitanda.
1136 4129 1226 4182 Ab
1267 4126 1441 4184 ebriis
1482 4127 1640 4182 enim
1675 4127 1957 4194 militibus
1996 4145 2169 4182 nemo
2216 4132 2416 4200 potest
2447 4128 2780 4201 postulare,

525 4220 594 4268 ut
615 4230 813 4268 rerum
831 4213 1183 4269 conditionis
1218 4213 1511 4267 rationem
1536 4213 1648 4267 sibi
1682 4213 1953 4267 reddant.
