3084 4809
2513 291 2555 358 9

340 497 597 567 tentias
661 477 1187 578 celeberrimaS,
1242 495 1494 584 quippe
1563 514 1741 584 quae
1805 494 2051 564 iisdem
2096 492 2331 567 verbis
2378 493 2563 580 apud

340 633 799 704 Plutarchum
880 651 1154 721 quoque
1234 632 1737 712 invenirentur,
1813 651 1900 701 ex
1967 630 2313 701 communi
2373 628 2564 698 fonte

342 771 601 859 petitas
682 789 856 839 esse.
993 769 1173 839 Sane
1259 770 1651 839 Mommsen
1736 768 1869 838 hoc
1956 766 2340 838 artioribus
2410 764 2562 835 fini-

341 908 465 977 bus
531 905 1106 977 circumscribere
1183 905 1417 976 studet
1480 905 1877 993 multasque
1945 904 2127 975 alias
2182 904 2565 974 sententias

346 1063 555 1133 aeque
628 1041 934 1113 inclutas
995 1042 1131 1131 ipsi
1200 1042 1450 1113 Tacito
1516 1041 1870 1127 vindicat3
1940 1040 2062 1111 sed
2116 1040 2176 1110 si
2230 1040 2345 1112 vel
2394 1060 2565 1129 pau-

353 1179 445 1250 cis
492 1180 671 1251 locis
727 1180 1054 1250 Tacitum
1115 1178 1341 1250 furem
1395 1198 1544 1249 esse
1600 1178 2058 1260 ostendimus,
2127 1197 2363 1247 omnes
2416 1177 2566 1248 eius

352 1317 505 1387 libri
574 1337 848 1387 summa
916 1316 1195 1405 legendi
1239 1320 1429 1388 ¹sunt
1500 1335 1658 1386 cum
1728 1314 2122 1404 suspicione
2142 1367 2159 1397 ,
2229 1334 2359 1385 nec
2429 1334 2564 1404 quo

359 1456 540 1525 modo
592 1453 748 1524 fieri
802 1453 1027 1543 possit
1078 1453 1591 1550 intellegamuS,
1657 1458 1740 1523 ut
1800 1451 1873 1522 in
1925 1471 2067 1522 una
2122 1470 2394 1540 quaque
2445 1472 2567 1540 pa-

365 1589 512 1677 gina
544 1610 814 1661 morum
851 1589 1000 1660 eius
1038 1590 1389 1660 acerbitas
1427 1591 1781 1679 animique
1818 1589 2161 1662 severitas
2216 1593 2565 1660 cernatur.

370 1725 430 1795 A
474 1727 788 1800 Clasonio
859 1747 1053 1826 vero·
1102 1733 1172 1797 et
1241 1728 1517 1816 Langio
1557 1721 1612 1823 ¹)
1684 1725 2158 1816 significatum
2230 1726 2371 1796 iam
2441 1730 2567 1809 est,

375 1880 495 1947 quo
553 1866 742 1935 modo
827 1863 1119 1934 Tacitus
1202 1863 1393 1934 fonte
1468 1863 1749 1951 publico
1819 1883 1989 1933 usus
2064 1863 2187 1944 sit,
2255 1864 2570 1934 oratione

386 1994 786 2084 imperatoris
891 1999 1172 2070 Claudii
1277 2000 1363 2069 de
1470 1999 1838 2072 Gallorum
1946 1999 2099 2071 iure
2209 2000 2570 2084 honorum,

379 2152 563 2221 quam
609 2136 776 2208 adeo
813 2137 1138 2223 mutavit,
1192 2143 1274 2207 ut
1324 2157 1581 2208 novam
1617 2136 1868 2208 fecerit
1920 2138 2336 2224 orationem;
2390 2139 2573 2208 unde

370 2269 539 2343 iusto
587 2274 738 2345 iure
793 2275 877 2344 de
930 2274 1094 2345 aliis
1146 2274 1322 2348 locis
1374 2274 1547 2344 licet
1600 2275 1945 2345 concludi.

552 2410 839 2494 Deinde,
895 2411 1032 2481 nisi
1087 2411 1500 2482 certissimis
1552 2411 1985 2499 argumentis
2039 2431 2184 2482 rem
2239 2410 2449 2480 aliter
2502 2432 2576 2482 66

360 2544 607 2619 habere
674 2550 1228 2631 demonstratur,
1297 2548 1756 2618 dubitandum
1830 2547 1999 2629 erit,
2063 2569 2228 2618 num
2285 2547 2578 2619 Tacitus

355 2683 528 2758 alius
582 2684 950 2775 scriptoris
1002 2686 1223 2756 verba
1275 2685 1347 2754 in
1401 2685 1594 2755 fonte
1647 2705 1772 2755 suo
1826 2685 2120 2755 laudata
2156 2686 2575 2774 transscrip-

349 2821 532 2890 serit.
644 2822 887 2911 Neque
957 2822 1326 2911 quisquam
1395 2821 1914 2911 comprobavit,
1987 2842 2223 2892 omnes
2289 2821 2480 2894 locos
2535 2845 2578 2892 a

344 2956 594 3028 Tacito
664 2959 921 3029 citatos
995 2959 1137 3028 iam
1191 2959 1264 3029 in
1331 2959 1523 3030 fonte
1576 2959 1832 3030 citatos
1887 2960 2243 3031 exstitisse
2298 2964 2368 3029 et
2419 2959 2580 3032 inde

342 3095 734 3183 exscriptos
815 3115 988 3166 esse.
1098 3095 1203 3181 Ne
1283 3095 1537 3165 Nissen
1555 3089 1622 3191 2)
1697 3095 1973 3184 quidem
2055 3095 2382 3166 Tacitum
2461 3117 2579 3166 606

342 3229 570 3313 10006,
666 3231 790 3301 ubi
854 3237 1214 3301 auctorem
1265 3232 1607 3313 nominet,
1705 3231 1845 3299 iam
1900 3231 2175 3302 adlatos
2229 3231 2581 3303 invenisse

335 3368 720 3437 adfirmare
808 3368 1040 3450 audet,
1132 3369 1252 3439 sed
1338 3371 1665 3438 auctores
1752 3367 2164 3438 nominatim
2256 3368 2581 3441 laudatos

334 3503 596 3575 Tacito
660 3510 943 3593 praesto
1011 3504 1229 3575 fuisse
1296 3505 1654 3577 contendit
1719 3511 1790 3575 et
1858 3506 2041 3576 hanc
2093 3505 2321 3595 legem
2388 3514 2579 3578 recte

327 3642 580 3724 adicit,
652 3642 789 3710 nisi
859 3642 1289 3713 contrarium
1358 3644 1802 3725 ostendatur,
1876 3645 2151 3715 omnino
2224 3665 2373 3714 esse
2443 3651 2581 3715 sta-

323 3778 693 3848 tuendam.
803 3779 939 3848 Sed
1015 3799 1248 3848 omnes
1323 3785 1591 3849 ceteros
1661 3779 1891 3861 10006,
1974 3780 2096 3850 ubi
2170 3782 2429 3851 mentio
2500 3781 2581 3851 fit

321 3912 675 3997 fontium,
760 3915 1012 4004 quibus
1083 3914 1376 3985 Tacitus
1453 3936 1621 3986 usus
1688 3935 1837 3985 esse
1906 3916 2234 3987 videatur
2310 3959 2388 3968 —-
2463 3919 2580 4007 qui

547 4131 600 4194 1)
673 4131 935 4185 Clason
969 4150 1023 4202 p.
1058 4132 1140 4185 21.
1179 4133 1347 4201 „Tac
1385 4150 1440 4186 u.
1478 4132 1655 4187 Suet“
1692 4151 1743 4203 p.
1786 4133 1898 4187 116.
1971 4131 2226 4201 Lange
2261 4150 2314 4202 p.
2353 4134 2436 4190 55.

547 4216 601 4283 2)
672 4217 937 4271 Nissen
973 4236 1028 4288 p.
1065 4219 1181 4272 528.
