3084 4809
345 358 437 444 O.
499 363 638 455 10,
669 383 853 445 9-15.
2445 361 2589 441 131

350 578 574 648 missa
628 578 876 648 statim⁴
924 579 1014 648 ad
1068 576 1354 648 tertiam
1403 574 1685 661 transit,
1742 578 1832 651 ad
1884 596 2193 668 pugnam
2247 578 2593 667 gladiato-

347 735 515 786 rum
563 720 639 786 et
693 716 1204 787 Germanorum
1228 708 1307 811 ¹).

558 950 617 1020 i)
688 948 922 1019 Optime
960 948 1032 1003 de
1062 948 1181 1008 hoc
1214 948 1339 1002 loco
1365 947 1489 1019 egit
1513 947 1948 1006 Gerstenecker
1981 967 2034 1020 p.
2070 949 2279 1003 28—30
2313 955 2373 1004 et
2397 950 2601 1004 68—69

352 1035 496 1089 adn.
531 1036 749 1104 58—61,
786 1034 886 1104 qui
920 1036 1145 1106 primus
1172 1051 1306 1088 eum
1330 1039 1491 1088 recte
1516 1033 1882 1089 intellexisse
1907 1035 2155 1090 videtur.
2209 1031 2464 1090 Dubium
2494 1042 2598 1103 est,

348 1126 559 1175 utrum
581 1119 668 1174 'de
712 1117 1044 1175 Vitellianis
1091 1125 1302 1190 agatur
1350 1137 1427 1173 an
1462 1119 1830 1175 Othonianis,
1900 1120 2399 1199 Proficiscendum
2437 1127 2529 1176 est
2563 1139 2600 1174 a

345 1209 563 1281 primis
596 1206 805 1264 verbis.
833 1201 1148 1264 ἐντίθεσθαι
1174 1206 1364 1261 Gerst.
1387 1211 1447 1268 et
1471 1205 1574 1260 alii
1600 1211 1762 1261 recte
1789 1206 2288 1277 interpretantur
2271 1223 2598 1278 imponere;

342 1292 526 1351 πλοῖα
563 1294 683 1347 iam
720 1292 821 1354 diu
870 1292 1248 1346 emendatum
1297 1296 1389 1345 est
1423 1291 1554 1346 1000
1602 1291 1851 1346 traditae
1884 1291 2208 1363 scripturae
2245 1286 2412 1361 ὅπλα,
2448 1307 2598 1362 quae

342 1397 535 1435 sensu
574 1365 903 1454 031013ςὸᾀς
941 1377 1229 1448 singulari
1260 1359 1505 1432 numero
1530 1378 1789 1450 positum
1814 1395 1934 1431 non
1963 1377 2258 1449 significat
2280 1377 2457 1448 faceS,
2494 1377 2601 1431 sed

341 1464 708 1522 conlective
720 1421 876 1535 (111οά
912 1480 1023 1518 003
1069 1462 1317 1518 dicimus
1348 1463 1647 1519 Kienholz
1683 1459 1933 1530 (confert
1968 1461 2158 1519 Gerst.
2231 1463 2431 1518 Τ11110.
2440 1464 2497 1532 7,
2533 1463 2602 1517 53

348 1558 410 1607 et
445 1549 690 1606 Diodor.
724 1550 808 1618 20,
844 1550 959 1621 86);
999 1544 1294 1618 ἀνάπλεων
1340 1549 1714 1616 scribendum
1740 1567 1872 1605 cum
1899 1549 2079 1619 codd,
2115 1556 2182 1604 ut
2206 1549 2502 1620 pertineat
2526 1548 2601 1603 ad

348 1624 522 1714 ὃᾷδα,
556 1653 704 1706 quae
750 1625 1108 1707 significatio
1156 1636 1472 1692 verborum
1520 1636 1925 1691 conlocatione
1970 1635 2317 1707 postulatur.
2390 1635 2598 1706 Itaque

349 1723 428 1779 de
463 1721 722 1778 navibus
760 1721 968 1791 agitur,
1005 1720 1069 1775 in
1105 1740 1252 1793 quas
1278 1708 1378 1796 ὃὰς
1413 1721 1685 1793 imposita
1721 1727 1851 1777 erat
1893 1722 2023 1793 pice
2062 1728 2123 1776 et
2158 1722 2382 1776 sulfure
2416 1721 2601 1790 inlita,

354 1810 391 1864 i.
432 1828 483 1865 e.
522 1809 597 1862 de
632 1806 883 1861 navibus
920 1807 996 1861 ad
1030 1808 1369 1884 incendium
1390 1808 1776 1888 praeparatis,
1830 1808 1976 1862 Eius
2011 1808 2172 1862 modi
2197 1814 2395 1862 autem
2418 1825 2604 1862 naves

360 1895 647 1950 adhibere
682 1898 961 1965 poterant
996 1894 1108 1948 3011
1144 1894 1481 1964 Othoniani,
1520 1894 1622 1965 qui
1654 1893 1912 1947 hostium
1959 1900 2203 1964 pontem
2248 1894 2445 1948 delere
2483 1899 2603 1947 stu·-

360 1983 587 2037 derent.
672 1980 884 2049 (Quem
926 1985 1169 2051 pontem
1214 1980 1353 2051 quia
1396 1997 1517 2036 non
1562 1979 1843 2034 describit
1886 1979 2255 2049 Plutarchus,
2298 1980 2397 2034 hic
2438 1980 2604 2034 locus

357 2075 483 2126 tam
519 2066 777 2121 difficilis
804 2070 897 2121 est
920 2066 1244 2137 intellectu,
1268 2084 1462 2138 neque
1490 2066 1772 2138 explicari
1794 2070 1992 2163 potest
2013 2065 2133 2120 nisi
2156 2066 2390 2121 conlata
2415 2066 2607 2121 Taciti

355 2153 741 2220 narratione).
813 2152 1040 2223 Itaque,
1077 2153 1430 2223 praesertim
1476 2170 1610 2207 cum
1659 2151 1755 2207 10
1775 2151 1848 2206 113
1894 2170 2044 2224 quae
2100 2149 2460 2207 antecedunt
2501 2171 2603 2224 po-

354 2247 580 2298 stremo
606 2244 1142 2295 commemorentur
1168 2239 1504 2310 Othoniani,
1530 2239 1595 2294 hi
1621 2238 1921 2337 cogitandi
1945 2244 2086 2294 sunt
2109 2238 2438 2293 subiectum
2469 2256 2604 2310 par-

352 2325 544 2397 ticipii
580 2316 913 2401 ἐνθεμένων.
992 2326 1383 2396 Sequentibus
1419 2325 1617 2380 verbis
1648 2320 1745 2387 τάς
1787 2343 1848 2381 τε
1893 2323 2025 2386 ναῦς
2049 2324 2177 2379 3100
2220 2324 2395 2379 dubio
2431 2324 2602 2380 intel-

350 2412 641 2483 leguntur
696 2412 906 2467 eadem
952 2410 1143 2479 πλοῖα,
1177 2410 1263 2465 ita
1297 2418 1366 2465 ut
1399 2410 1457 2481 ii,
1479 2411 1581 2482 qui
1614 2411 1927 2465 turbentur
1963 2415 2023 2466 et
2055 2410 2118 2464 in
2152 2410 2373 2466 flumen
2409 2412 2607 2467 desili-

353 2503 476 2569 ant,
502 2497 834 2554 iidem-sint
858 2496 1193 2556 Othoniani.
1237 2497 1457 2558 Errant
1479 2497 1663 2570 igitur
1686 2497 2021 2553 Mommsen
2041 2515 2096 2567 p.
2127 2498 2231 2554 309
2256 2503 2316 2553 et
2337 2498 2606 2553 Heraeus

352 2585 418 2638 in
456 2584 586 2639 adn.
626 2583 702 2637 ad
735 2583 792 2638 h.
827 2584 878 2652 2,
913 2583 1000 2651 34,
1037 2582 1138 2653 qui
1171 2575 1892 2661 ταραττόμενοι-παρεῖχον
1939 2585 2011 2639 (10
2059 2584 2392 2640 Vitellianis
2435 2584 2606 2638 intel-

352 2670 570 2741 legunt
615 2673 676 2723 et
719 2685 819 2724 eos
865 2685 942 2724 re·
975 2679 1121 2724 vera
1167 2668 1396 2723 cladem
1443 2668 1746 2742 accepisse
1793 2670 2066 2740 credunt3
2102 2670 2362 2741 itemque
2411 2677 2611 2725 errant

353 2757 576 2812 Clason
612 2773 666 2826 p.
703 2756 771 2810 59
808 2755 941 2811 adn.
981 2757 1005 2808 1
1048 2759 1108 2809 et
1140 2755 1349 2827 Lange
1383 2774 1437 2826 p.
1474 2757 1696 2827 24-25,
1741 2756 1843 2827 qui
1868 2757 2122 2812 eundem
2146 2773 2388 2818 sensum
2411 2756 2608 2811 inesse

351 2839 590 2915 putant,
629 2841 737 2895 sed
770 2837 1156 2895 Plutarchum
1200 2846 1402 2913 partes
1453 2839 1791 2897 confudisse
1841 2842 2221 2898 contendunt.
2288 2841 2415 2897 Nec
2450 2842 2607 2913 quic·

351 2946 540 3001 quam
580 2927 759 2996 valet,
811 2927 999 2998 ,quod
1043 2927 1275 2982 Krauss
1321 2946 1375 2999 p.
1424 2928 1489 2984 13
1525 2928 1721 2999 obicit,
1766 2928 2006 2984 minime
2054 2928 2412 2984 credendum
2458 2939 2606 2999 esse,

353 3014 730 3071 Othonianos
775 3031 916 3068 suas
962 3032 1148 3090 naves
1193 3014 1479 3069 vertendo
1527 3014 1644 3069 alio
1691 3015 1995 3070 direxisse.
2075 3015 2208 3069 Non
2251 3015 2384 3086 plus
2428 3015 2606 3085 valet,

359 3097 530 3172 quod
561 3097 777 3154 Olason
824 3099 1082 3169 ,Tacitus
1128 3117 1181 3153 u.
1232 3099 1471 3154 Sueton‘
1521 3118 1576 3171 p.
1610 3102 1688 3156 '96
1733 3102 1970 3172 profert.
2046 3099 2394 3155 Vitellianos
2450 3101 2606 3155 enim

359 3187 630 3259 repulsos
658 3191 717 3241 et
740 3191 984 3260 pontem
1013 3187 1085 3240 ab
1114 3185 1464 3241 Othonianis
1501 3185 1753 3260 navibus
1777 3184 2158 3241 incendiariis
2185 3186 2444 3262 deletum
2470 3204 2604 3264 esse

353 3278 578 3342 censet,
607 3272 747 3342 quia
769 3271 831 3326 in
851 3272 1283 3327 Germanorum
1311 3276 1371 3327 et
1388 3271 1787 3343 gladiatorum
1813 3271 2134 3327 certamine
2157 3271 2246 3327 illi
2267 3289 2387 3326 non
2410 3273 2607 3327 nando

347 3359 616 3414 insulam
647 3357 976 3429 petiissent,
1014 3359 1065 3413 si
1089 3375 1239 3430 pons
1258 3358 1500 3429 integer
1535 3357 1765 3429 fuisset,
1791 3358 1900 3414 sed
1922 3363 2102 3431 ponte
2126 3358 2224 3412 usi
2248 3363 2462 3413 essent.
2522 3359 2610 3413 Ac

349 3445 634 3510 Tacitum
655 3444 772 3499 hoc
798 3444 1109 3516 cogitasse,
1129 3444 1550 3520 Plutarchum
1530 3462 1728 3524 11131100
1746 3444 2119 3534 supplevisse
2139 3449 2310 3516 putat
2334 3453 2392 3498 et
2412 3445 2609 3500 verbis

353 3525 746 3603 expressisse.
818 3530 937 3585 Sed
973 3537 1033 3586 et
1065 3531 1249 3587 totius
1275 3523 1390 3586 Ioci
1413 3547 1606 3587 nexus
1629 3525 1789 3586 huic
1804 3531 2279 3603 interpretationi
2301 3537 2609 3602 repugnat,

345 3634 553 3687 neque
587 3615 705 3678 hoc
746 3613 1014 3672 (31330011
1058 3623 1411 3689 argumento
1451 3617 1774 3690 quiequam
1820 3618 2101 3689 efficitur-3
2148 3635 2293 3674 nam.
2324 3618 2397 3676 de
2432 3624 2611 3689 ponte

349 3702 508 3759 nihil
548 3708 914 3776 compertum
962 3704 1267 3776 habemus,
1316 3709 1376 3759 et
1423 3723 1603 3777 quam
1642 3706 1859 3778 longus
1910 3710 2014 3759 aut
2055 3723 2199 3760 num
2242 3705 2317 3759 ad
2356 3704 2611 3759 insulam

315 3783 320 3816 ²
351 3787 622 3844 directus
658 3781 841 3845 fuerit
875 3787 1115 3861 prorsus
1152 3791 1510 3862 ignoramus,
1587 3789 1719 3859 Qua
1751 3803 1817 3848 re
1855 3792 1983 3847 sola
2019 3789 2475 3847 Gersteneckeri
2513 3806 2610 3845 ex-

339 3873 601 3950 plicatio
637 3875 782 3932 ferri
813 3882 1054 3950 potest.
1070 3877 1390 3936 Othoniani
1423 3883 1683 3950 pontem,
1724 3884 1788 3933 ut
1810 3878 2077 3952 deleant,
2125 3877 2375 3933 navibus
2411 3877 2609 3934 incen-

354 3960 564 4016 diariis
589 3962 1031 4034 adgrediuntur,
1053 3963 1175 4033 sed,
1202 3981 1336 4019 cum
1360 3970 1577 4021 ventus
1605 3964 1837 4019 subitus
1862 3965 2091 4037 lignum
2116 3963 2410 4031 incendat,
2434 3963 2609 4018 valde

328 4043 588 4129 ,1011103131
619 4066 694 4106 ex
727 4048 978 4108 navibus
1015 4049 1297 4125 desiliunt
1332 4068 1567 4123 easque
1580 4051 1923 4126 desilientes
1948 4055 2329 4110 0170101111ομ-
2355 4048 2611 4104 Molesta

269 4163 272 4166 ·
351 4125 676 4211 remanent
703 4136 887 4198 verba
916 4130 1007 4193 ἐπὶ
1027 4130 1176 4200 τους
1218 4132 1535 4215 πολεμίφυς.
1594 4138 1711 4195 Per
1733 4138 1945 4210 locum,
1967 4155 2142 4209 quem
2167 4135 2449 4207 obtinent,
2476 4154 2609 4192 con-

352 4220 532 4295 iungi
565 4238 686 4280 non
724 4229 976 4295 possunt
1004 4222 1128 4290 nisi
1162 4240 1296 4294 cum
1329 4224 1533 4296 uerbo
1551 4217 1870 4306 ἐξερρίπιζε,
1911 4224 2067 4297 quod
2103 4224 2181 4281 ad
2218 4240 2355 4280 eum
2389 4223 2489 4297 qui
2522 4241 2614 4279 re-

354 4308 615 4383 quiritur
656 4327 898 4367 sensum
950 4329 1071 4367 non
1124 4311 1388 4384 quadrat.
1437 4314 1635 4386 Gerst.
1682 4332 1734 4387 p.
1784 4314 1853 4370 30
1906 4331 2039 4398 cum
2091 4310 2400 4407 participio
2449 4323 2616 4392 ‘traps-»⁴

2244 4429 2311 4484 9*
