3084 4809
546 327 645 396 44
2308 324 2395 396 G.
2447 325 2572 408 24,
2628 342 2782 398 1-e.

546 530 765 616 Haec,
844 532 969 604 ubi
1047 533 1291 604 eadem
1370 533 1767 623 loquacitas
1845 530 2179 615 cernitur,
2260 550 2659 621 quanquam
2737 549 2786 600 a

547 667 801 741 Tacito
858 670 1260 760 discrepare
1317 670 1669 754 videntur,
1748 675 1984 741 tamen
2036 689 2176 740 non
2242 675 2408 740 sunt
2471 668 2781 740 diversa.

543 805 798 877 Statim
854 806 1040 877 enim
1082 806 1157 878 in
1209 826 1291 878 eo
1331 806 1770 891 offendimuS‚
1826 807 2011 898 quod
2046 811 2344 897 uterque
2395 805 2481 876 de
2535 806 2782 875 eadem

543 963 621 1013 re
688 943 984 1014 similem
1047 949 1121 1015 et
1181 951 1419 1014 tamen
1484 945 1839 1017 diversam
1911 942 2198 1014 exhibet
2248 941 2665 1014 relationem
2697 936 2782 1039 ¹).

544 1081 728 1164 Quid
763 1081 838 1152 in
874 1082 1223 1153 communi
1259 1081 1497 1173 aliquo
1551 1081 1746 1153 fonte
1800 1081 2140 1170 scriptum
2191 1079 2429 1163 fuerit,
2486 1077 2783 1150 difficile

545 1225 654 1287 est
701 1218 915 1290 dictu.
989 1215 1432 1310 Utrumque?
1485 1219 1752 1290 Parum
1789 1217 1942 1288 veri
1979 1217 2228 1288 simile.
2302 1218 2555 1307 Itaque
2608 1216 2791 1287 alte-

543 1374 699 1425 rum
747 1355 1161 1446 scriptorem
1208 1356 1544 1427 memoria
1580 1354 1841 1426 falsum
1875 1374 2103 1445 prava
2139 1355 2420 1426 tradere
2455 1353 2795 1425 existimo

541 1497 754 1582 atque
817 1492 1279 1563 Plutarchum
1348 1492 1687 1582 suspicor,
1763 1509 1942 1583 quae
1998 1491 2294 1565 Tacitus
2358 1492 2442 1561 de
2502 1490 2789 1562 libertis

543 1629 908 1718 servisque
946 1623 1078 1725 (sc.
1120 1622 1454 1726 Othonis)
1489 1633 1838 1712 narraret,
1875 1629 2115 1702 verbis
2166 1632 2534 1721 corruptius
2586 1649 2788 1721 qnam

540 1771 608 1834 iu
655 1769 920 1858 privata
953 1766 1137 1836 domo
1171 1764 1382 1836 habiti
1429 1767 1615 1837 male
1669 1766 2064 1838 intellectis·
2102 1764 2283 1836 falso
2338 1766 2424 1835 de
2476 1761 2784 1836 Neronis

543 1902 918 1974 comitibus
936 1909 1009 1973 et
1025 1902 1302 1974 libertis
1322 1897 1701 1992 accepisse.
1735 1903 2162 1994 Tigellinum
2184 1908 2254 1973 et
2272 1901 2783 1992 Nymphidium

542 2059 624 2110 eo
678 2039 964 2110 facilius
1000 2039 1363 2110 nominare
1413 2040 1666 2130 potuit,
1707 2041 1892 2129 quod
1930 2040 2224 2113 Tacitus
2261 2059 2323 2110 c.
2367 2040 2484 2121 24,
2524 2041 2566 2109 1
2607 2039 2785 2111 dicit

533 2174 980 2272 fhzgrantibus
1006 2181 1137 2246 iam
1162 2177 1441 2246 militum
1467 2182 1706 2246 animis
1737 2176 1909 2248 velut
1925 2178 2105 2269 faces
2136 2175 2478 2245 addiderat
2502 2173 2780 2246 Mamm

547 2311 834 2386 Pudensc
875 2318 1199 2406 prooeimis
1243 2312 1628 2408 Tigellini
1659 2315 1723 2383 et
1756 2333 1816 2384 c,
1859 2314 1975 2398 25,
2018 2313 2062 2384 8
2098 2314 2438 2383 stimulant
2464 2317 2774 2407 primores

544 2450 820 2555 militum
838 2471 964 2543 per
989 2448 1291 2546 beneficia
1322 2448 1776 2544 Nymphidii
1798 2453 1871 2519 ut
1896 2453 2240 2542 suspectos,
2281 2451 2475 2535 Quae
2498 2466 2769 2539 praece-

544 2589 719 2658 dunt
753 2588 836 2658 de
885 2583 1401 2680 συναχθομένοις
1450 2593 1584 2658 etc.
1636 2586 1926 2677 perinde
1962 2593 2175 2676 atque
2212 2593 2526 2657 extrema
2560 2585 2779 2657 verba

541 2724 720 2795 nihil
774 2729 939 2795 sunt
988 2724 1127 2795 nisi
1194 2724 1561 2795 exornatio
1629 2723 1915 2814 copiosa
1969 2729 2041 2794 et
2108 2725 2374 2795 eadem-
2413 2721 2783 2810 languida.

531 2862 657 2932 Ex
719 2861 855 2932 hoc
921 2859 1238 2949 exemplo
1304 2862 1531 2932 denuo
1599 2860 2057 2950 intellegitur,
2129 2867 2393 2951 quanta
2454 2878 2624 2930 usus
2687 2858 2792 2930 sit

542 2997 873 3069 libertate
925 2996 1356 3069 Plutarchus
1408 2997 1483 3068 in
1530 2996 1836 3086 'singulis
1893 2997 2407 3087 componendis.

745 3135 913 3225 Cap.
972 3135 1240 3218 XXIV,
1304 3134 1427 3206 ubi
1496 3134 2007 3206 coniurationis
2075 3139 2461 3225 apparatus
2525 3134 2799 3205 descri-

551 3272 766 3355 bitur,
819 3249 1015 3344 nihil‘
1054 3277 1306 3356 exstat,
1363 3272 1549 3363 quod
1602 3290 1644 3341 a
1700 3271 1951 3342 Tacito
2006 3271 2312 3342 alienum
2366 3271 2481 3342 sit.

544 3430 609 3481 v.
678 3409 864 3479 1--6
927 3407 992 3477 ἐν
1047 3405 1127 3503 δὲὶ
1154 3407 1400 3485 τούτοις
1439 3400 1611 3500 Oba·
1718 3429 1776 3479 c.
1815 3408 1931 3491 25,
1969 3412 2001 3478 1
2039 3428 2139 3498 sq.
2170 3407 2443 3478 sedtum
2469 3428 2505 3477 c
2539 3403 2804 3479 liberti-s·

542 3544 794 3640 τούριος
859 3544 966 3613 καὶ
1037 3538 1339 3641 Βάρβιος,
1403 3545 1437 3611 ὁ
1486 3542 1612 3635 μὲν
1726 3542 2134 3615 Onomastum
2228 3525 2481 3639 futuro
2558 3543 2809 3617 sceleri

546 3681 808 3768 ὀπτίων,
838 3679 962 3750 ὅδὲ
975 3683 1410 3777 τεσσεράριος·
1437 3679 1613 3750 οὕτω
1713 3684 2045 3774 praefecit,
2134 3704 2176 3751 a
2247 3645 2387 3775 “quo
2475 3649 2808 3752 Barbium

545 3805 669 3914 sfolp
731 3816 1071 3887 καλοῦνται
1141 3813 1197 3886 οἱ
1262 3816 1616 3912 διαγγέλων
1727 3816 2063 3922 Proculum
2110 3797 2520 3890 {tesserarium
2557 3838 2810 3914 specu-

545 3929 649 4023 κοιὶ
701 3952 1062 4049 διοπτήρων
1118 3954 1481 4048 ὑπηρεσίας
1515 3978 1616 4023 τε·
1722 3953 2001 4026 latorum
2063 3958 2127 4036 et
2197 3952 2519 4026 Veturium
2582 3957 2814 4046 optio·-

958 4109 1160 4116 -—-—---—--

753 4190 783 4242 1
879 4188 1010 4255 Qua
1039 4205 1104 4243 re
1141 4205 1259 4244 non
1297 4185 1735 4248 adfirmaverim
1772 4204 1905 4256 cum
1927 4164 2216 4241 Kraussio
2254 4204 2307 4257 p.
2344 4187 2392 4255 7,
2428 4173 2816 4257 peculiarem

547 4274 733 4329 fuisse
769 4273 1084 4328 Plutarcho
1121 4273 1363 4328 fontem.
2557 4269 2562 4276 “
