3084 4809
530 316 625 388 28
1567 335 1584 343 ‘
2286 321 2372 394 G.
2435 322 2549 405 22,
2608 331 2758 386 1-9.

518 545 714 617 τορα.
801 522 1114 594 Primam
1150 545 1437 596 causam
1479 525 1776 597 Tacitus
1830 526 2189 617 significat
2239 532 2312 598 et
2354 527 2428 598 in
2480 527 2757 616 praefa-

524 660 716 730 tione
781 681 842 732 c.
904 665 945 733 5
1001 662 1154 732 init.
1223 664 1408 732 mites
1474 662 1767 734 urbanus
1834 720 1848 734 .
1957 718 1972 732 .
2087 717 2100 731 .
2161 667 2505 758 postquam
2559 686 2764 757 neque

523 795 677 866 dari
724 795 1093 869 donativum
1163 799 1282 868 sub
1336 804 1610 869 nomine·
1667 797 1907 870 Galbae
1968 805 2357 893 promissum
2438 857 2454 870 .
2536 853 2553 871 .
2641 855 2656 871 .
2742 856 2760 871 .

514 953 768 1025 pronus
853 934 944 1005 ad
1023 956 1223 1006 novas
1307 957 1413 1006 res
1493 943 1584 1007 et.
1659 956 1718 1007 c.
1793 938 1953 1050 189
1989 937 2083 1010 13
2162 959 2263 1027 sq.
2351 958 2474 1030 per
2522 940 2763 1008 ceteros

522 1064 655 1166 (sc.
707 1065 1000 1169 milites)
1054 1075 1376 1144 maestitia
1443 1096 1520 1143 ae
1586 1072 1935 1164 silentium7
2003 1076 2313 1167 tanquam
2378 1076 2761 1165 usurpatam

521 1210 712 1277 etiam
792 1213 862 1277 in
932 1230 1096 1302 paee
1171 1208 1460 1280 donatiui
1543 1212 1977 1280 necessitatem
2056 1208 2222 1281 bello
2302 1208 2757 1301 perdidissent,

522 1343 644 1414 ubi
698 1345 771 1414 in
823 1346 1196 1435 adoptione
1233 1350 1582 1419 versatur.
1676 1347 1859 1448 Sane
1910 1347 2095 1417 solos
2148 1345 2410 1417 milites
2450 1348 2762 1417 urbanos

498 1480 876 1571 intellegit
927 1502 1149 1572 neque
1205 1484 1621 1566 donativum
1671 1485 1765 1554 ad
1825 1483 2139 1573 legiones
2205 1503 2480 1575 quoque
2544 1485 2761 1582 perti-

518 1619 758 1689 nuisse
810 1619 1015 1690 dicit:
1071 1621 1192 1692 sed
1244 1620 1378 1691 hoc
1429 1641 1570 1691 non
1622 1627 1729 1691 est
1779 1621 2251 1710 premendum.
2359 1620 2503 1692 Vix
2571 1620 2757 1691 enim

522 1755 878 1839 credibile,
951 1756 1415 1830 Plutarchum
1480 1758 1835 1830 diversam
1915 1757 2250 1828 exhibere
2317 1758 2758 1828 relationem.

519 1892 839 1964 Alteram
875 1913 1161 1964 causam
1210 1895 1552 1966 habemus
1605 1916 1665 1965 c.
1726 1895 1792 1979 8,
1858 1896 1943 1964 14
1993 1915 2097 1984 sq.
2152 1894 2291 1966 duoe
2341 1893 2582 1984 deerat,
2639 1892 2763 1965 ab·

517 2028 703 2100 ducto
796 2027 1092 2125 Verginio
1162 2052 1286 2123 per
1363 2027 1836 2104 simulationem
1917 2033 2241 2102 amit-iliae
2252 2051 2281 2117 ,·
2369 2052 2554 2124 quem
2633 2053 2766 2130 non

515 2170 759 2238 remitti
842 2171 1034 2262 atque
1106 2170 1299 2242 etiam
1388 2189 1571 2238 reum
1646 2190 1783 2238 esse
1871 2170 2178 2261 tanquam
2250 2188 2466 2252 suum?
2515 2173 2756 2242 crimen

515 2302 915 2397 accipiebant
1017 2310 1089 2376 et
1164 2325 1223 2375 c.
1306 2304 1424 2388 53,
1514 2307 1599 2375 15
1682 2309 1752 2373 in
1852 2302 2234 2399 Verginium*
2318 2307 2510 2399 favo-r
2609 2310 2751 2382 cui-

515 2462 784 2535 cumque
863 2442 986 2512 alii
1056 2442 1462 2536 profuturus.
1615 2442 1753 2511 Sed
1834 2441 2263 2512 Plutarchus
2283 2496 2299 2524 ‚
2384 2443 2504 2531 qui
2576 2441 2746 2510 haec
2851 2427 2868 2436 ⁸

518 2578 751 2649 omnia
804 2579 1147 2650 militibus
1184 2579 1554 2661 attribuat,
1608 2577 2067 2667 gravioribus
2118 2579 2347 2649 utitur
2398 2578 2634 2652 verbis
2687 2583 2760 2646 et

400 2789 404 2794 ,
516 2716 716 2787 addit
767 2715 1090 2805 Verginii
1144 2736 1549 2805 cognomen,
1608 2716 1811 2804 quod,
1872 2714 2006 2785 etsi
2060 2736 2105 2785 a
2143 2716 2392 2787 Tacito
2442 2719 2757 2802 praeter-

522 2853 813 2924 missum
866 2858 993 2935 est,
1048 2859 1283 2923 tamen
1338 2859 1419 2926 ut
1452 2852 1596 2925 viri
1633 2852 2091 2935 celeberrimi,
2132 2873 2335 2941 quem
2381 2852 2528 2940 ipse
2561 2849 2760 2921 vide-

523 2996 660 3073 rat,
717 2991 900 3061 scire
936 2991 1239 3060 debebat
1273 2983 1398 3087 (cf.
1461 2991 1548 3061 G.
1607 3009 1665 3060 c.
1733 2992 1842 3072 10,
1904 2984 2004 3085 2).
2065 3028 2159 3040 -
2217 2990 2536 3060 Tertium
2587 2988 2763 3076 legi-

517 3148 672 3198 mus
712 3127 1033 3198 Vindicis
1072 3132 1458 3198 sectatores
1496 3147 1541 3196 a
1579 3127 1812 3197 Galba
1865 3126 2268 3209 honoratos
2315 3125 2765 3198 adversarios

518 3263 862 3335 coercitos
943 3284 1116 3336 esse.
1198 3264 1356 3335 Hoc
1428 3264 1723 3334 Tacitus
1791 3268 2038 3336 narrat
2118 3269 2188 3333 et
2255 3284 2314 3335 c.
2387 3267 2453 3347 8,
2528 3266 2576 3333 4
2654 3283 2760 3351 sq.

520 3400 775 3482 ,Galliae
835 3363 1032 3493 super
1097 3406 1471 3472 memoriam
1552 3399 1823 3470 Vindicis
1889 3399 2219 3495 obligatae
2286 3402 2526 3471 recenti
2594 3397 2759 3468 dono

523 3535 847 3607 Romanae
948 3540 1227 3608 civitatis
1313 3540 1375 3607 et
1452 3541 1522 3604 in
1606 3539 1932 3627 posterum
2039 3534 2265 3606 tributi
2380 3536 2764 3607 levamento:

507 3677 851 3766 prasimae
929 3675 1143 3743 tamen
1229 3672 1627 3750 Germanic-is
1707 3669 2094 3743 emercitibus
2168 3672 2530 3742 Galliarum
2601 3677 2760 3742 ciui-

521 3812 684 3879 tates
761 3831 888 3878 non
965 3808 1177 3879 eodem
1255 3807 1495 3879 bonore
1574 3807 1861 3894 habitae,
1942 3809 2258 3902 quaedam
2336 3812 2528 3879 etiam
2589 3808 2717 3903 fini
2730 3845 2763 3860 -

520 3943 640 4013 bus
706 3945 1018 4037 ademptis
1073 3951 1234 4037 pari
1304 3945 1520 4015 dolore
1600 3944 1923 4014 commoda
1998 3946 2215 4016 aliena
2281 3969 2358 4016 ac
2422 3966 2577 4014 suas
2641 3949 2713 4012 in
2730 3981 2766 3996 -

521 4087 732 4152 iurias
809 4079 1235 4152 metiebantur
1302 4090 1373 4151 et
1437 4102 1496 4152 c.
1569 4081 1661 4151 51
1682 4135 1698 4165 ,
1774 4083 1868 4151 20
1935 4104 2036 4173 sq.
2122 4086 2522 4153 contumacia
2606 4080 2767 4152 Gat-

521 4218 730 4287 lorum
830 4219 1123 4298 inritati,
1211 4223 1326 4309 qui
1409 4222 1743 4287 remissam
1832 4217 1962 4289 sibi
2033 4242 2078 4288 a
2163 4215 2366 4289 Galba
2463 4220 2767 4312 quartam

3041 4177 3064 4248 2⁴¹·
3043 3639 3073 4160 -ffl——h—-.m
