3084 4809
552 521 888 594 iudicium
943 525 1027 594 de
1094 544 1177 594 ea
1229 522 1544 594 fecerint.
1654 524 1789 596 Sed
1844 526 2005 596 dum
2060 526 2188 596 sub
2242 524 2473 597 iudice
2524 526 2614 596 lis
2668 531 2772 597 est

552 664 625 729 et
676 660 1062 730 sententiae
1113 661 1432 751 prolatae
1485 661 1936 734 vehementer
1997 662 2181 733 inter
2233 684 2307 734 se
2359 669 2774 753 repugnant,

550 795 793 867 licebit
845 817 990 867 rem
1045 798 1537 886 gravissimam
1592 799 1847 869 iterum
1903 804 2113 889 atque
2166 800 2421 871 iterum
2456 820 2773 890 perscru-

550 934 715 1017 tari,
771 940 849 1005 ut
901 938 1182 1008 tandem
1235 936 1505 1026 aliquid
1561 936 1941 1019 efficiatur,
1998 940 2181 1027 quod
2232 939 2578 1027 recipiant
2630 959 2771 1009 om-

546 1090 692 1153 neS‚
733 1091 1026 1160 quorum
1080 1072 1413 1144 iudicium
1469 1073 1739 1162 aliquid
1790 1075 2003 1146 valet.
2086 1076 2202 1145 Ac
2255 1074 2557 1146 fortasse
2610 1096 2769 1146 con-

545 1208 773 1297 tinget
826 1209 1027 1291 mihi,
1082 1214 1161 1279 ut
1213 1231 1442 1298 pauca
1494 1211 1802 1281 tribuam
1857 1213 1947 1281 ad
1999 1233 2211 1283 unam
2262 1233 2350 1283 ex
2403 1213 2769 1284 sententiis

543 1344 987 1428 firmandam,
1044 1367 1441 1436 quanquam
1495 1347 1843 1418 sententia
1895 1348 2051 1437 ipsa
2103 1349 2246 1419 iam
2298 1351 2559 1421 dudum
2609 1371 2767 1439 pro-

544 1482 695 1552 lata
749 1487 856 1552 est
905 1502 1127 1572 neque
1183 1483 1786 1572 disputatiuncula
1840 1506 1994 1555 mea
2045 1487 2422 1577 *quicquam
2474 1487 2765 1570 eruitur,

546 1619 730 1708 quod
780 1619 1121 1691 novitatis
1173 1620 1405 1709 gloria
1456 1621 1702 1692 niteat.
2153 1610 2170 1620 ”

749 1756 886 1827 Sed
937 1762 1310 1846 antequam
1364 1778 1510 1828 rem
1564 1759 1959 1847 adgredior,
2000 1780 2178 1849 quae
2232 1761 2462 1832 adhuc
2513 1782 2760 1850 propo-

542 1891 681 1962 sita
747 1897 912 1963 sunt
972 1894 1219 1982 paucis
1287 1895 1732 1985 complectar.
1854 1897 2135 1968 Primus
2188 1905 2423 1970 autem
2478 1918 2763 1970 causam

539 2030 809 2136 attigit⁸
848 2031 1187 2101 Heeren
1227 2025 1304 2127 ¹),
1361 2032 1511 2121 qui,
1569 2033 1846 2103 etiamsi
1910 2055 2138 2122 pauca
2200 2035 2662 2106 Plutarchum
2717 2056 2760 2105 a

537 2166 785 2237 Tacito
841 2167 1217 2257 sumpsisse
1271 2169 1591 2239 concedit
1622 2210 1723 2220 -——
1757 2170 1832 2239 id
1868 2173 2051 2259 quod
2094 2174 2379 2258 propter
2416 2189 2756 2239 summam

537 2304 956 2393 scriptorum
1027 2324 1436 2376 consensum
1502 2306 1748 2396 negari
1817 2327 1956 2377 non
2022 2307 2253 2395 potuit
2319 2347 2449 2387 ——,
2522 2310 2757 2375 tamen

536 2440 733 2510 illum
797 2441 1130 2530 pleraque
1194 2441 1420 2531 ipsum
1491 2443 1883 2532 quaerendo
1938 2442 2324 2531 conlegisse
2377 2442 2755 2512 contendit.

541 2577 875 2648 Heerenii
966 2583 1201 2649 aetate
1320 2599 1498 2669 quae
1592 2585 1839 2669 coepta
1920 2584 2028 2649 est
2094 2579 2393 2650 tractari
2459 2578 2761 2649 fontium

535 2714 720 2786 ratio
742 2768 757 2799 ‚
820 2715 997 2786 haec
1061 2716 1363 2804 posteris
1441 2717 1716 2787 demum
1794 2716 2228 2805 temporibus
2307 2716 2591 2787 exculta
2654 2722 2760 2786 est

534 2851 927 2942 disciplina.
1043 2852 1296 2924 Omnes
1365 2853 1588 2944 igitur
1648 2852 1914 2943 posteri
1967 2874 2107 2923 una
2162 2859 2232 2924 et
2284 2852 2757 2924 consentiente

533 3010 706 3061 voce
774 2988 1302 3061 similitudinem
1372 2991 1570 3061 illam
1635 2995 1906 3061 tantam
1979 3010 2129 3061 esse
2199 2989 2498 3080 professi
2570 2994 2755 3072 sunt,

529 3131 610 3197 ut
686 3146 799 3197 res
880 3125 1081 3199 brevi
1168 3147 1379 3197 manu
1466 3148 1606 3197 non
1691 3126 1916 3214 possit
2001 3127 2305 3210 absolvi,
2376 3126 2799 3216 scriptores*

528 3268 763 3334 autem
817 3263 967 3334 sine
1020 3264 1231 3335 dubio
1285 3263 1512 3335 artius
1568 3264 1965 3335 cohaerere.

734 3404 965 3490 Atque
1042 3401 1271 3471 Hirz
1293 3401 1374 3472 el
1404 3395 1468 3497 2)
1547 3402 1814 3491 primus
1892 3407 2263 3490 utrumque
2344 3401 2750 3490 scriptorem

529 3538 768 3609 eodem
832 3538 1024 3609 fonte
1090 3558 1296 3610 usum
1362 3557 1513 3607 esse
1581 3538 1761 3627 dixit
1825 3543 1896 3608 et
1963 3541 2126 3607 acta
2193 3536 2444 3614 diurna
2513 3536 2752 3626 populi

531 3675 831 3747 Romani
897 3676 1084 3746 hunc
1146 3675 1411 3745 fontem
1475 3672 1695 3760 fuisse
1747 3672 2049 3762 putavit.
2158 3674 2353 3758 Quae
2407 3672 2753 3744 sententia

727 3893 779 3958 1)
831 3892 932 3946 He
945 3908 1113 3945 eren
1149 3890 1255 3962 „de
1290 3889 1546 3945 fontibus
1583 3894 1644 3944 et
1679 3889 2031 3945 auctoritate
2055 3890 2309 3947 vitarum
2332 3885 2750 3958 parallelarum

522 3976 860 4032 Plutarchi“
897 3976 1217 4047 Gottingae
1255 3977 1402 4032 1820.

723 4080 778 4146 2)
830 4079 998 4134 Hirz
1013 4079 1077 4134 el
1114 4079 1505 4151 „comparatio
1546 4096 1762 4148 eorum,
1788 4096 1938 4150 quae
1976 4078 2049 4133 de
2083 4073 2532 4148 imperatoribus
2558 4074 2745 4130 Galba

524 4171 585 4221 et
619 4164 851 4220 Othone
895 4163 1085 4219 relata
1127 4163 1382 4236 legimus
1420 4164 1578 4237 apud
1614 4164 1905 4236 Tacitum,
1944 4162 2313 4232 Suetonium,
2349 4160 2747 4230 Plutarchum,

523 4250 776 4306 Dionem
813 4250 873 4308 O.
911 4251 1051 4306 etc.“
1091 4251 1388 4326 Stuttgart
1404 4309 1408 4314 ,
1425 4254 1491 4307 18
1524 4253 1605 4308 51.
1659 4250 1922 4307 Libellus
1956 4249 2106 4304 mihi
2137 4252 2375 4320 praesto
2410 4265 2530 4303 non
2562 4245 2690 4299 fuit.
