<?xml version="1.0" encoding="UTF-8"?>
<!DOCTYPE html PUBLIC "-//W3C//DTD XHTML 1.0 Transitional//EN"
    "http://www.w3.org/TR/xhtml1/DTD/xhtml1-transitional.dtd">
<html xmlns="http://www.w3.org/1999/xhtml" xml:lang="en" lang="en">
 <head>
  <title>
</title>
<meta http-equiv="Content-Type" content="text/html;charset=utf-8" />
  <meta name='ocr-system' content='tesseract 3.04.00' />
  <meta name='ocr-capabilities' content='ocr_page ocr_carea ocr_par ocr_line ocrx_word'/>
</head>
<body>
  <div class='ocr_page' id='page_1' title='image "./deplutarchiinga01lezigoog_0070.png"; bbox 0 0 3084 4809; ppageno 0'>
   <div class='ocr_carea' id='block_1_1' title="bbox 569 301 2809 384">
    <p class='ocr_par' dir='ltr' id='par_1_1' title="bbox 569 301 2809 384">
     <span class='ocr_line' id='line_1_1' title="bbox 569 301 2809 384; baseline 0 -10"><span class='ocrx_word' id='word_1_1' title='bbox 569 302 667 376; x_wconf 81' lang='grc'>64</span> <span class='ocrx_word' id='word_1_2' title='bbox 2270 301 2357 372; x_wconf 80' lang='lat' dir='ltr'>G.</span> <span class='ocrx_word' id='word_1_3' title='bbox 2418 301 2535 384; x_wconf 84' lang='lat'>27,</span> <span class='ocrx_word' id='word_1_4' title='bbox 2588 319 2809 375; x_wconf 82' lang='lat' dir='ltr'>1e-18.</span> 
     </span>
    </p>
   </div>
   <div class='ocr_carea' id='block_1_2' title="bbox 559 504 2818 2556">
    <p class='ocr_par' dir='ltr' id='par_1_2' title="bbox 563 504 2817 1969">
     <span class='ocr_line' id='line_1_2' title="bbox 569 504 2814 595; baseline -0 -19"><span class='ocrx_word' id='word_1_5' title='bbox 569 517 725 588; x_wconf 69' lang='lat' dir='ltr'>esse¹</span> <span class='ocrx_word' id='word_1_6' title='bbox 740 505 989 580; x_wconf 83' lang='lat' dir='ltr'>refert.</span> <span class='ocrx_word' id='word_1_7' title='bbox 1034 506 1195 591; x_wconf 80' lang='lat' dir='ltr'>Qua</span> <span class='ocrx_word' id='word_1_8' title='bbox 1218 525 1296 576; x_wconf 85' lang='lat' dir='ltr'>re</span> <span class='ocrx_word' id='word_1_9' title='bbox 1329 505 1706 582; x_wconf 82' lang='lat' dir='ltr'><strong>Fabullum</strong></span> <span class='ocrx_word' id='word_1_10' title='bbox 1738 524 1898 578; x_wconf 85' lang='lat' dir='ltr'>eum</span> <span class='ocrx_word' id='word_1_11' title='bbox 1923 504 2188 584; x_wconf 84' lang='lat' dir='ltr'>dictum</span> <span class='ocrx_word' id='word_1_12' title='bbox 2217 505 2438 577; x_wconf 82' lang='lat' dir='ltr'>fuisse</span> <span class='ocrx_word' id='word_1_13' title='bbox 2467 505 2814 595; x_wconf 81' lang='lat' dir='ltr'>suspicor,</span> 
     </span>
     <span class='ocr_line' id='line_1_3' title="bbox 568 642 2811 740; baseline -0.001 -25"><span class='ocrx_word' id='word_1_14' title='bbox 568 643 689 732; x_wconf 83' lang='lat' dir='ltr'>qui</span> <span class='ocrx_word' id='word_1_15' title='bbox 722 644 999 715; x_wconf 78' lang='lat' dir='ltr'>Galbae</span> <span class='ocrx_word' id='word_1_16' title='bbox 1035 648 1251 732; x_wconf 84' lang='lat' dir='ltr'>caput</span> <span class='ocrx_word' id='word_1_17' title='bbox 1287 642 1729 725; x_wconf 76' lang='lat' dir='ltr'><strong>abscidisset,</strong></span> <span class='ocrx_word' id='word_1_18' title='bbox 1782 663 1919 714; x_wconf 90' lang='lat' dir='ltr'>non</span> <span class='ocrx_word' id='word_1_19' title='bbox 1974 642 2097 732; x_wconf 85' lang='lat' dir='ltr'>qui</span> <span class='ocrx_word' id='word_1_20' title='bbox 2131 642 2364 740; x_wconf 80' lang='lat' dir='ltr'>ipsum</span> <span class='ocrx_word' id='word_1_21' title='bbox 2398 642 2811 730; x_wconf 83' lang='lat' dir='ltr'>occidisset3</span> 
     </span>
     <span class='ocr_line' id='line_1_4' title="bbox 565 779 2813 869; baseline 0.001 -19"><span class='ocrx_word' id='word_1_22' title='bbox 565 780 995 851; x_wconf 76' lang='lat' dir='ltr'>Plutarchus</span> <span class='ocrx_word' id='word_1_23' title='bbox 1040 797 1229 851; x_wconf 67' lang='lat' dir='ltr'>&#39;vero</span> <span class='ocrx_word' id='word_1_24' title='bbox 1281 799 1651 869; x_wconf 83' lang='lat' dir='ltr'>perperam</span> <span class='ocrx_word' id='word_1_25' title='bbox 1718 798 1876 856; x_wconf 85' lang='lat' dir='ltr'>eum</span> <span class='ocrx_word' id='word_1_26' title='bbox 1937 779 2249 856; x_wconf 81' lang='lat' dir='ltr'>reddidit</span> <span class='ocrx_word' id='word_1_27' title='bbox 2297 799 2813 868; x_wconf 82' lang='lat' dir='ltr'>percussorem.</span> 
     </span>
     <span class='ocr_line' id='line_1_5' title="bbox 567 913 2817 1016; baseline 0 -29"><span class='ocrx_word' id='word_1_28' title='bbox 567 913 767 1001; x_wconf 77' lang='lat' dir='ltr'>Quod</span> <span class='ocrx_word' id='word_1_29' title='bbox 793 915 1079 987; x_wconf 86' lang='lat' dir='ltr'>facilius</span> <span class='ocrx_word' id='word_1_30' title='bbox 1106 915 1521 1016; x_wconf 85' lang='lat' dir='ltr'>explicatur,</span> <span class='ocrx_word' id='word_1_31' title='bbox 1563 916 1624 986; x_wconf 91' lang='lat' dir='ltr'>si</span> <span class='ocrx_word' id='word_1_32' title='bbox 1653 916 1979 992; x_wconf 78' lang='lat' dir='ltr'>Tacitum</span> <span class='ocrx_word' id='word_1_33' title='bbox 2008 915 2272 988; x_wconf 87' lang='lat' dir='ltr'>fontem</span> <span class='ocrx_word' id='word_1_34' title='bbox 2300 915 2520 988; x_wconf 85' lang='lat' dir='ltr'>fuisse</span> <span class='ocrx_word' id='word_1_35' title='bbox 2549 916 2817 1007; x_wconf 88' lang='lat' dir='ltr'>prima·</span> 
     </span>
     <span class='ocr_line' id='line_1_6' title="bbox 563 1034 2818 1143; baseline 0.001 -20"><span class='ocrx_word' id='word_1_36' title='bbox 563 1034 783 1137; x_wconf 73' lang='lat' dir='ltr'>rium,</span> <span class='ocrx_word' id='word_1_37' title='bbox 838 1055 1021 1125; x_wconf 89' lang='lat' dir='ltr'>unde</span> <span class='ocrx_word' id='word_1_38' title='bbox 1058 1037 1295 1125; x_wconf 56' lang='lat' dir='ltr'>ce&#39;t&#39;era</span> <span class='ocrx_word' id='word_1_39' title='bbox 1323 1054 1408 1123; x_wconf 91' lang='lat' dir='ltr'>de</span> <span class='ocrx_word' id='word_1_40' title='bbox 1434 1043 1970 1143; x_wconf 81' lang='lat' dir='ltr'>percussoribus</span> <span class='ocrx_word' id='word_1_41' title='bbox 2005 1053 2436 1128; x_wconf 78' lang='lat' dir='ltr'>Plutarchus</span> <span class='ocrx_word' id='word_1_42' title='bbox 2463 1053 2818 1138; x_wconf 74' lang='lat' dir='ltr'>hauriret,</span> 
     </span>
     <span class='ocr_line' id='line_1_7' title="bbox 564 1189 2816 1304; baseline 0 -42"><span class='ocrx_word' id='word_1_43' title='bbox 564 1192 749 1262; x_wconf 89' lang='lat' dir='ltr'>hanc</span> <span class='ocrx_word' id='word_1_44' title='bbox 785 1197 1022 1264; x_wconf 89' lang='lat' dir='ltr'>autem</span> <span class='ocrx_word' id='word_1_45' title='bbox 1056 1191 1687 1273; x_wconf 83' lang='lat' dir='ltr'>narratiunculam,</span> <span class='ocrx_word' id='word_1_46' title='bbox 1744 1210 1953 1296; x_wconf 87' lang='lat' dir='ltr'>quam</span> <span class='ocrx_word' id='word_1_47' title='bbox 1992 1189 2167 1304; x_wconf 85' lang='lat' dir='ltr'>alibi</span> <span class='ocrx_word' id='word_1_48' title='bbox 2201 1190 2495 1280; x_wconf 85' lang='lat' dir='ltr'>legisset</span> <span class='ocrx_word' id='word_1_49' title='bbox 2530 1190 2645 1262; x_wconf 86' lang='lat' dir='ltr'>vel</span> <span class='ocrx_word' id='word_1_50' title='bbox 2682 1211 2816 1263; x_wconf 90' lang='lat' dir='ltr'>au-</span> 
     </span>
     <span class='ocr_line' id='line_1_8' title="bbox 564 1325 2816 1419; baseline -0.001 -20"><span class='ocrx_word' id='word_1_51' title='bbox 564 1329 880 1412; x_wconf 87' lang='lat' dir='ltr'>divisset,</span> <span class='ocrx_word' id='word_1_52' title='bbox 921 1330 1260 1414; x_wconf 86' lang='lat' dir='ltr'>insertam</span> <span class='ocrx_word' id='word_1_53' title='bbox 1289 1350 1441 1401; x_wconf 88' lang='lat' dir='ltr'>esse</span> <span class='ocrx_word' id='word_1_54' title='bbox 1472 1328 1889 1418; x_wconf 84' lang='lat' dir='ltr'>conicimus3</span> <span class='ocrx_word' id='word_1_55' title='bbox 1933 1347 2141 1419; x_wconf 88' lang='lat' dir='ltr'>quam</span> <span class='ocrx_word' id='word_1_56' title='bbox 2172 1348 2329 1398; x_wconf 91' lang='lat' dir='ltr'>cum</span> <span class='ocrx_word' id='word_1_57' title='bbox 2359 1327 2599 1398; x_wconf 88' lang='lat' dir='ltr'>addito</span> <span class='ocrx_word' id='word_1_58' title='bbox 2639 1328 2700 1396; x_wconf 81' lang='grc' dir='ltr'>οἱ</span> <span class='ocrx_word' id='word_1_59' title='bbox 2736 1325 2816 1397; x_wconf 81' lang='grc' dir='ltr'>δὲ</span> 
     </span>
     <span class='ocr_line' id='line_1_9' title="bbox 569 1449 2810 1588; baseline 0 -51"><span class='ocrx_word' id='word_1_60' title='bbox 569 1421 942 1537; x_wconf 81' lang='lat' dir='ltr'>adnectere</span> <span class='ocrx_word' id='word_1_61' title='bbox 996 1468 1332 1588; x_wconf 83' lang='lat' dir='ltr'>studeret,</span> <span class='ocrx_word' id='word_1_62' title='bbox 1361 1466 1700 1538; x_wconf 86' lang='lat' dir='ltr'>facillime</span> <span class='ocrx_word' id='word_1_63' title='bbox 1754 1466 1825 1536; x_wconf 90' lang='lat' dir='ltr'>in</span> <span class='ocrx_word' id='word_1_64' title='bbox 1864 1449 2169 1566; x_wconf 83' lang='lat' dir='ltr'>errorem</span> <span class='ocrx_word' id='word_1_65' title='bbox 2207 1464 2515 1536; x_wconf 89' lang='lat' dir='ltr'>incidere</span> <span class='ocrx_word' id='word_1_66' title='bbox 2541 1466 2810 1556; x_wconf 88' lang='lat' dir='ltr'>potuit.</span> 
     </span>
     <span class='ocr_line' id='line_1_10' title="bbox 567 1573 2808 1722; baseline 0.001 -49"><span class='ocrx_word' id='word_1_67' title='bbox 567 1603 642 1674; x_wconf 86' lang='lat' dir='ltr'>Si</span> <span class='ocrx_word' id='word_1_68' title='bbox 696 1610 991 1693; x_wconf 90' lang='lat' dir='ltr'>uterque</span> <span class='ocrx_word' id='word_1_69' title='bbox 1074 1593 1356 1674; x_wconf 83' lang='lat' dir='ltr'>secutus</span> <span class='ocrx_word' id='word_1_70' title='bbox 1411 1612 1519 1675; x_wconf 89' lang='lat' dir='ltr'>est</span> <span class='ocrx_word' id='word_1_71' title='bbox 1571 1573 1867 1676; x_wconf 86' lang='lat' dir='ltr'>eundem</span> <span class='ocrx_word' id='word_1_72' title='bbox 1946 1608 2342 1700; x_wconf 77' lang='lat' dir='ltr'>auctorem,</span> <span class='ocrx_word' id='word_1_73' title='bbox 2407 1624 2542 1722; x_wconf 90' lang='lat' dir='ltr'>quo</span> <span class='ocrx_word' id='word_1_74' title='bbox 2603 1604 2808 1694; x_wconf 83' lang='lat' dir='ltr'>modo</span> 
     </span>
     <span class='ocr_line' id='line_1_11' title="bbox 564 1725 2797 1832; baseline -0.001 -19"><span class='ocrx_word' id='word_1_75' title='bbox 564 1741 818 1813; x_wconf 86' lang='lat' dir='ltr'>vitium</span> <span class='ocrx_word' id='word_1_76' title='bbox 899 1740 1242 1814; x_wconf 87' lang='lat' dir='ltr'>acciderit</span> <span class='ocrx_word' id='word_1_77' title='bbox 1320 1741 1551 1812; x_wconf 87' lang='lat' dir='ltr'>minus</span> <span class='ocrx_word' id='word_1_78' title='bbox 1630 1725 1947 1832; x_wconf 86' lang='lat' dir='ltr'>apparet.</span> <span class='ocrx_word' id='word_1_79' title='bbox 2073 1739 2486 1812; x_wconf 89' lang='lat' dir='ltr'>Occisorum</span> <span class='ocrx_word' id='word_1_80' title='bbox 2566 1741 2797 1830; x_wconf 83' lang='lat' dir='ltr'>capita</span> 
     </span>
     <span class='ocr_line' id='line_1_12' title="bbox 563 1865 2790 1990; baseline 0 -42"><span class='ocrx_word' id='word_1_81' title='bbox 563 1879 799 1949; x_wconf 87' lang='lat' dir='ltr'>decisa</span> <span class='ocrx_word' id='word_1_82' title='bbox 864 1883 935 1990; x_wconf 87' lang='lat' dir='ltr'>et</span> <span class='ocrx_word' id='word_1_83' title='bbox 999 1865 1226 1950; x_wconf 84' lang='lat' dir='ltr'>contis</span> <span class='ocrx_word' id='word_1_84' title='bbox 1304 1879 1622 1969; x_wconf 83' lang='lat' dir='ltr'>praefixa</span> <span class='ocrx_word' id='word_1_85' title='bbox 1703 1899 1856 1976; x_wconf 84' lang='lat' dir='ltr'>esse</span> <span class='ocrx_word' id='word_1_86' title='bbox 1937 1878 2230 1949; x_wconf 87' lang='lat' dir='ltr'>Tacitus</span> <span class='ocrx_word' id='word_1_87' title='bbox 2311 1877 2515 1967; x_wconf 90' lang='lat' dir='ltr'>quasi</span> <span class='ocrx_word' id='word_1_88' title='bbox 2597 1898 2790 1968; x_wconf 91' lang='lat' dir='ltr'>prae·</span> 
     </span>
    </p>

    <p class='ocr_par' dir='ltr' id='par_1_3' title="bbox 559 1979 2794 2122">
     <span class='ocr_line' id='line_1_13' title="bbox 559 1979 2794 2122; baseline 0 -37"><span class='ocrx_word' id='word_1_89' title='bbox 559 2016 820 2086; x_wconf 89' lang='lat' dir='ltr'>teriens</span> <span class='ocrx_word' id='word_1_90' title='bbox 846 1979 1076 2087; x_wconf 83' lang='lat' dir='ltr'>refert</span> <span class='ocrx_word' id='word_1_91' title='bbox 1130 2036 1187 2096; x_wconf 86' lang='lat' dir='ltr'>c.</span> <span class='ocrx_word' id='word_1_92' title='bbox 1233 2018 1349 2122; x_wconf 91' lang='lat'>44,</span> <span class='ocrx_word' id='word_1_93' title='bbox 1392 2018 1432 2086; x_wconf 88' lang='grc'><strong>7</strong></span> <span class='ocrx_word' id='word_1_94' title='bbox 1484 2016 1790 2112; x_wconf 71' lang='lat' dir='ltr'>praefioea</span> <span class='ocrx_word' id='word_1_95' title='bbox 1823 2019 2027 2087; x_wconf 58' lang='lat' dir='ltr'>contat·</span> <span class='ocrx_word' id='word_1_96' title='bbox 2076 2020 2292 2108; x_wconf 79' lang='lat' dir='ltr'>capita</span> <span class='ocrx_word' id='word_1_97' title='bbox 2340 2012 2794 2114; x_wconf 76' lang='lat' dir='ltr'>gestabantur.</span> 
     </span>
    </p>

    <p class='ocr_par' dir='ltr' id='par_1_4' title="bbox 561 2113 2797 2378">
     <span class='ocr_line' id='line_1_14' title="bbox 564 2113 2797 2280; baseline -0.001 -56"><span class='ocrx_word' id='word_1_98' title='bbox 564 2153 924 2226; x_wconf 88' lang='lat' dir='ltr'>Accurata</span> <span class='ocrx_word' id='word_1_99' title='bbox 960 2139 1197 2226; x_wconf 86' lang='lat' dir='ltr'>tamen</span> <span class='ocrx_word' id='word_1_100' title='bbox 1238 2113 1631 2280; x_wconf 85' lang='lat' dir='ltr'>descriptio</span> <span class='ocrx_word' id='word_1_101' title='bbox 1687 2158 1759 2224; x_wconf 91' lang='lat' dir='ltr'>et</span> <span class='ocrx_word' id='word_1_102' title='bbox 1812 2127 1970 2248; x_wconf 78' lang='lat' dir='ltr'>cum</span> <span class='ocrx_word' id='word_1_103' title='bbox 2023 2152 2314 2224; x_wconf 88' lang='lat' dir='ltr'>bacchis</span> <span class='ocrx_word' id='word_1_104' title='bbox 2369 2151 2797 2246; x_wconf 84' lang='lat' dir='ltr'>comparatio</span> 
     </span>
     <span class='ocr_line' id='line_1_15' title="bbox 561 2251 2781 2412; baseline -0.002 -51"><span class='ocrx_word' id='word_1_105' title='bbox 561 2251 935 2361; x_wconf 89' lang='lat' dir='ltr'>Plutarchi</span> <span class='ocrx_word' id='word_1_106' title='bbox 958 2275 1225 2396; x_wconf 80' lang='lat' dir='ltr'>ipsius</span> <span class='ocrx_word' id='word_1_107' title='bbox 1292 2290 1576 2378; x_wconf 87' lang='lat' dir='ltr'>ingenio</span> <span class='ocrx_word' id='word_1_108' title='bbox 1644 2288 1836 2364; x_wconf 89' lang='lat' dir='ltr'>haud</span> <span class='ocrx_word' id='word_1_109' title='bbox 1869 2255 2114 2359; x_wconf 84' lang='lat' dir='ltr'>scio</span> <span class='ocrx_word' id='word_1_110' title='bbox 2111 2310 2204 2388; x_wconf 84' lang='lat' dir='ltr'>an</span> <span class='ocrx_word' id='word_1_111' title='bbox 2258 2291 2353 2410; x_wconf 84' lang='lat' dir='ltr'>sit</span> <span class='ocrx_word' id='word_1_112' title='bbox 2405 2289 2781 2412; x_wconf 82' lang='lat' dir='ltr'>tribuenda.</span> 
     </span>
    </p>

    <p class='ocr_par' dir='ltr' id='par_1_5' title="bbox 566 2397 1972 2556">
     <span class='ocr_line' id='line_1_16' title="bbox 566 2397 1972 2556; baseline -0.001 -58"><span class='ocrx_word' id='word_1_113' title='bbox 566 2427 833 2499; x_wconf 86' lang='lat' dir='ltr'>Eodem</span> <span class='ocrx_word' id='word_1_114' title='bbox 887 2428 1089 2502; x_wconf 92' lang='lat' dir='ltr'>modo</span> <span class='ocrx_word' id='word_1_115' title='bbox 1145 2397 1637 2556; x_wconf 81' lang='lat' dir='ltr'>explicandum</span> <span class='ocrx_word' id='word_1_116' title='bbox 1685 2433 1896 2544; x_wconf 86' lang='lat' dir='ltr'>puto:</span> <span class='ocrx_word' id='word_1_117' title='bbox 1961 2517 1972 2524; x_wconf 85' lang='lat'>-</span> 
     </span>
    </p>
   </div>
   <div class='ocr_carea' id='block_1_3' title="bbox 560 2539 2846 3292">
    <p class='ocr_par' dir='ltr' id='par_1_6' title="bbox 560 2539 2846 3292">
     <span class='ocr_line' id='line_1_17' title="bbox 562 2539 2846 2696; baseline -0.002 -23"><span class='ocrx_word' id='word_1_118' title='bbox 562 2622 632 2673; x_wconf 82' lang='lat' dir='ltr'>v.</span> <span class='ocrx_word' id='word_1_119' title='bbox 681 2600 868 2671; x_wconf 83' lang='lat'>16-—</span> <span class='ocrx_word' id='word_1_120' title='bbox 876 2601 971 2674; x_wconf 86' lang='grc'>18</span> <span class='ocrx_word' id='word_1_121' title='bbox 1010 2600 1117 2672; x_wconf 78' lang='grc' dir='ltr'>τὸν</span> <span class='ocrx_word' id='word_1_122' title='bbox 1156 2597 1229 2672; x_wconf 73' lang='grc' dir='ltr'>δὲ</span> <span class='ocrx_word' id='word_1_123' title='bbox 1254 2592 1527 2696; x_wconf 61' lang='grc' dir='ltr'>Ὄθωνα</span> <span class='ocrx_word' id='word_1_124' title='bbox 1561 2592 1727 2694; x_wconf 80' lang='grc' dir='ltr'>τῆςΙ</span> <span class='ocrx_word' id='word_1_125' title='bbox 1785 2618 1844 2669; x_wconf 89' lang='lat' dir='ltr'>c.</span> <span class='ocrx_word' id='word_1_126' title='bbox 1905 2600 2039 2680; x_wconf 89' lang='lat'>44,</span> <span class='ocrx_word' id='word_1_127' title='bbox 2120 2539 2148 2667; x_wconf 86' lang='lat' dir='ltr'>l</span> <span class='ocrx_word' id='word_1_128' title='bbox 2209 2597 2479 2680; x_wconf 74' lang='lat' dir='ltr'>nullam</span> <span class='ocrx_word' id='word_1_129' title='bbox 2531 2571 2846 2668; x_wconf 73' lang='lat' dir='ltr'>caedem</span> 
     </span>
     <span class='ocr_line' id='line_1_18' title="bbox 560 2703 2809 2832; baseline -0.009 -22"><span class='ocrx_word' id='word_1_130' title='bbox 560 2731 853 2832; x_wconf 81' lang='grc' dir='ltr'>κεφαλῆς</span> <span class='ocrx_word' id='word_1_131' title='bbox 921 2734 1339 2830; x_wconf 79' lang='grc' dir='ltr'>κομισθείσης</span> <span class='ocrx_word' id='word_1_132' title='bbox 1406 2734 1679 2831; x_wconf 69' lang='grc' dir='ltr'>ἀνακρᾳ-</span> <span class='ocrx_word' id='word_1_133' title='bbox 1794 2715 1953 2788; x_wconf 76' lang='grc' dir='ltr'>ΟίΙιο</span> <span class='ocrx_word' id='word_1_134' title='bbox 2006 2722 2246 2787; x_wconf 77' lang='lat' dir='ltr'>maiore</span> <span class='ocrx_word' id='word_1_135' title='bbox 2314 2722 2564 2800; x_wconf 77' lang='lat' dir='ltr'>laetztz&#39;a</span> <span class='ocrx_word' id='word_1_136' title='bbox 2616 2703 2809 2790; x_wconf 62' lang='grc' dir='ltr'><em>ἐωθε-</em></span> 
     </span>
     <span class='ocr_line' id='line_1_19' title="bbox 748 2827 2819 2934; baseline 0.001 -29"><span class='ocrx_word' id='word_1_137' title='bbox 748 2827 755 2834; x_wconf 45' lang='lat'><em>*</em></span> <span class='ocrx_word' id='word_1_138' title='bbox 1778 2844 1977 2934; x_wconf 78' lang='lat' dir='ltr'>pisse,</span> <span class='ocrx_word' id='word_1_139' title='bbox 2007 2838 2261 2914; x_wconf 77' lang='lat' dir='ltr'>nullum</span> <span class='ocrx_word' id='word_1_140' title='bbox 2300 2842 2496 2931; x_wconf 81' lang='lat' dir='ltr'>eaput</span> <span class='ocrx_word' id='word_1_141' title='bbox 2532 2841 2664 2908; x_wconf 80' lang='lat' dir='ltr'>tam</span> <span class='ocrx_word' id='word_1_142' title='bbox 2703 2845 2819 2907; x_wconf 79' lang='lat' dir='ltr'>in-</span> 
     </span>
     <span class='ocr_line' id='line_1_20' title="bbox 1786 2955 2826 3053; baseline 0.003 -27"><span class='ocrx_word' id='word_1_143' title='bbox 1786 2955 2195 3028; x_wconf 75' lang='lat' dir='ltr'>satiabilibus</span> <span class='ocrx_word' id='word_1_144' title='bbox 2281 2955 2483 3028; x_wconf 78' lang='lat' dir='ltr'>oculzs</span> <span class='ocrx_word' id='word_1_145' title='bbox 2572 2959 2826 3053; x_wconf 78' lang='lat' dir='ltr'>perlu-</span> 
     </span>
     <span class='ocr_line' id='line_1_21' title="bbox 1785 3071 2825 3174; baseline 0.004 -28"><span class='ocrx_word' id='word_1_146' title='bbox 1785 3080 2027 3148; x_wconf 73' lang='lat' dir='ltr'>strasse</span> <span class='ocrx_word' id='word_1_147' title='bbox 2095 3071 2331 3148; x_wconf 72' lang='lat' dir='ltr'>decitur</span> <span class='ocrx_word' id='word_1_148' title='bbox 2401 3072 2533 3174; x_wconf 79' lang='lat' dir='ltr'>(sc.</span> <span class='ocrx_word' id='word_1_149' title='bbox 2594 3099 2825 3168; x_wconf 84' lang='lat' dir='ltr'>quam</span> 
     </span>
     <span class='ocr_line' id='line_1_22' title="bbox 1785 3189 2123 3292; baseline 0 -25"><span class='ocrx_word' id='word_1_150' title='bbox 1785 3189 2123 3292; x_wconf 76' lang='lat' dir='ltr'>Pisonis).</span> 
     </span>
    </p>
   </div>
   <div class='ocr_carea' id='block_1_4' title="bbox 561 2849 1682 3106">
    <p class='ocr_par' dir='ltr' id='par_1_7' title="bbox 561 2849 1682 3106">
     <span class='ocr_line' id='line_1_23' title="bbox 561 2849 1678 2972; baseline -0.001 -30"><span class='ocrx_word' id='word_1_151' title='bbox 561 2849 698 2970; x_wconf 55' lang='grc' dir='ltr'>γςῒιι</span> <span class='ocrx_word' id='word_1_152' title='bbox 726 2873 1018 2972; x_wconf 73' lang='grc' dir='ltr'>λέγουςιιν</span> <span class='ocrx_word' id='word_1_153' title='bbox 1053 2868 1261 2968; x_wconf 62' lang='grc' dir='ltr'><strong>,ριίδέν</strong></span> <span class='ocrx_word' id='word_1_154' title='bbox 1301 2870 1433 2941; x_wconf 84' lang='grc' dir='ltr'>ἐστι</span> <span class='ocrx_word' id='word_1_155' title='bbox 1467 2849 1678 2957; x_wconf 49' lang='lat' dir='ltr'>zozim,</span> 
     </span>
     <span class='ocr_line' id='line_1_24' title="bbox 563 2991 1682 3106; baseline -0.002 -26"><span class='ocrx_word' id='word_1_156' title='bbox 563 3012 621 3080; x_wconf 80' lang='grc' dir='ltr'><strong>ὦ</strong></span> <span class='ocrx_word' id='word_1_157' title='bbox 646 2991 1151 3106; x_wconf 18' lang='grc' dir='ltr'>δσυσιτρατιῶταιῇ</span> <span class='ocrx_word' id='word_1_158' title='bbox 1190 3007 1308 3104; x_wconf 74' lang='grc' dir='ltr'>τὴν</span> <span class='ocrx_word' id='word_1_159' title='bbox 1349 3005 1682 3106; x_wconf 51' lang='grc' dir='ltr'>Πείσωνος</span> 
     </span>
    </p>
   </div>
   <div class='ocr_carea' id='block_1_5' title="bbox 560 3144 1349 3243">
    <p class='ocr_par' dir='ltr' id='par_1_8' title="bbox 560 3144 1349 3243">
     <span class='ocr_line' id='line_1_25' title="bbox 560 3144 1349 3243; baseline -0.001 -26"><span class='ocrx_word' id='word_1_160' title='bbox 560 3147 848 3243; x_wconf 79' lang='grc' dir='ltr'>κεφαλήν</span> <span class='ocrx_word' id='word_1_161' title='bbox 903 3171 1008 3239; x_wconf 81' lang='grc' dir='ltr'>μοι</span> <span class='ocrx_word' id='word_1_162' title='bbox 1040 3144 1317 3236; x_wconf 75' lang='grc' dir='ltr'>,δείξατέ</span> <span class='ocrx_word' id='word_1_163' title='bbox 1331 3197 1349 3216; x_wconf 92' lang='grc'><strong>.</strong></span> 
     </span>
    </p>
   </div>
   <div class='ocr_carea' id='block_1_6' title="bbox 562 3365 2858 4300">
    <p class='ocr_par' dir='ltr' id='par_1_9' title="bbox 562 3365 2858 4300">
     <span class='ocr_line' id='line_1_26' title="bbox 678 3365 2843 3512; baseline 0.002 -53"><span class='ocrx_word' id='word_1_164' title='bbox 678 3463 683 3468; x_wconf 75' lang='grc'>,</span> <span class='ocrx_word' id='word_1_165' title='bbox 767 3388 944 3459; x_wconf 81' lang='lat' dir='ltr'>Cum</span> <span class='ocrx_word' id='word_1_166' title='bbox 979 3365 1444 3486; x_wconf 83' lang='lat' dir='ltr'>Plutarchum</span> <span class='ocrx_word' id='word_1_167' title='bbox 1479 3407 1593 3457; x_wconf 89' lang='lat' dir='ltr'>res</span> <span class='ocrx_word' id='word_1_168' title='bbox 1630 3393 1874 3488; x_wconf 84' lang='lat' dir='ltr'>gestas</span> <span class='ocrx_word' id='word_1_169' title='bbox 1907 3395 1985 3457; x_wconf 86' lang='lat' dir='ltr'>ut</span> <span class='ocrx_word' id='word_1_170' title='bbox 2024 3388 2500 3508; x_wconf 84' lang='lat' dir='ltr'>spectaculum</span> <span class='ocrx_word' id='word_1_171' title='bbox 2538 3387 2843 3512; x_wconf 74' lang='lat' dir='ltr'>legenti</span> 
     </span>
     <span class='ocr_line' id='line_1_27' title="bbox 563 3485 2843 3634; baseline 0.003 -38"><span class='ocrx_word' id='word_1_172' title='bbox 563 3505 692 3596; x_wconf 82' lang='lat' dir='ltr'>sub</span> <span class='ocrx_word' id='word_1_173' title='bbox 772 3491 1015 3596; x_wconf 85' lang='lat' dir='ltr'>oculos</span> <span class='ocrx_word' id='word_1_174' title='bbox 1074 3497 1443 3595; x_wconf 84' lang='lat' dir='ltr'>interdum</span> <span class='ocrx_word' id='word_1_175' title='bbox 1523 3525 1844 3600; x_wconf 85' lang='lat' dir='ltr'>subicere</span> <span class='ocrx_word' id='word_1_176' title='bbox 1936 3525 2080 3594; x_wconf 91' lang='lat' dir='ltr'>iam</span> <span class='ocrx_word' id='word_1_177' title='bbox 2141 3485 2843 3634; x_wconf 45' lang='lat' dir='ltr'>observaverimus</span> 
     </span>
     <span class='ocr_line' id='line_1_28' title="bbox 562 3629 2846 3782; baseline 0.003 -49"><span class='ocrx_word' id='word_1_178' title='bbox 562 3639 829 3734; x_wconf 83' lang='lat' dir='ltr'>dictum</span> <span class='ocrx_word' id='word_1_179' title='bbox 882 3643 1060 3733; x_wconf 87' lang='lat' dir='ltr'>illud</span> <span class='ocrx_word' id='word_1_180' title='bbox 1098 3641 1417 3782; x_wconf 78' lang='lat' dir='ltr'>fortasse</span> <span class='ocrx_word' id='word_1_181' title='bbox 1471 3629 1514 3731; x_wconf 79' lang='lat' dir='ltr'>a</span> <span class='ocrx_word' id='word_1_182' title='bbox 1569 3639 1955 3776; x_wconf 83' lang='lat' dir='ltr'>Plutarcho</span> <span class='ocrx_word' id='word_1_183' title='bbox 2020 3662 2380 3776; x_wconf 85' lang='lat' dir='ltr'>inventum</span> <span class='ocrx_word' id='word_1_184' title='bbox 2451 3669 2589 3747; x_wconf 87' lang='lat' dir='ltr'>est,</span> <span class='ocrx_word' id='word_1_185' title='bbox 2637 3688 2846 3760; x_wconf 89' lang='lat' dir='ltr'>quo</span> 
     </span>
     <span class='ocr_line' id='line_1_29' title="bbox 563 3765 2853 3922; baseline -0.001 -50"><span class='ocrx_word' id='word_1_186' title='bbox 563 3820 676 3872; x_wconf 90' lang='lat' dir='ltr'>res</span> <span class='ocrx_word' id='word_1_187' title='bbox 729 3798 931 3870; x_wconf 90' lang='lat' dir='ltr'>fieret</span> <span class='ocrx_word' id='word_1_188' title='bbox 970 3777 1295 3912; x_wconf 89' lang='lat' dir='ltr'>planior.</span> <span class='ocrx_word' id='word_1_189' title='bbox 1405 3797 1679 3922; x_wconf 84' lang='lat' dir='ltr'>Itaque,</span> <span class='ocrx_word' id='word_1_190' title='bbox 1731 3765 2148 3904; x_wconf 75' lang='lat' dir='ltr'>praesertim</span> <span class='ocrx_word' id='word_1_191' title='bbox 2207 3819 2370 3916; x_wconf 83' lang='lat' dir='ltr'>cum</span> <span class='ocrx_word' id='word_1_192' title='bbox 2418 3799 2691 3896; x_wconf 80' lang='grc' dir='ltr'>λέγουσι</span> <span class='ocrx_word' id='word_1_193' title='bbox 2762 3815 2853 3880; x_wconf 74' lang='lat' dir='ltr'>et</span> 
     </span>
     <span class='ocr_line' id='line_1_30' title="bbox 563 3907 2851 4060; baseline 0.005 -55"><span class='ocrx_word' id='word_1_194' title='bbox 563 3936 800 4008; x_wconf 81' lang='lat' dir='ltr'>dicztur</span> <span class='ocrx_word' id='word_1_195' title='bbox 853 3936 990 4006; x_wconf 89' lang='lat' dir='ltr'>sibi</span> <span class='ocrx_word' id='word_1_196' title='bbox 1044 3936 1532 4060; x_wconf 84' lang='lat' dir='ltr'>respondeant,</span> <span class='ocrx_word' id='word_1_197' title='bbox 1589 3956 1872 4006; x_wconf 90' lang='lat' dir='ltr'>necesse</span> <span class='ocrx_word' id='word_1_198' title='bbox 1925 3958 2065 4008; x_wconf 92' lang='lat' dir='ltr'>non</span> <span class='ocrx_word' id='word_1_199' title='bbox 2118 3944 2226 4008; x_wconf 88' lang='lat' dir='ltr'>est</span> <span class='ocrx_word' id='word_1_200' title='bbox 2261 3907 2419 4010; x_wconf 83' lang='lat' dir='ltr'>cum</span> <span class='ocrx_word' id='word_1_201' title='bbox 2455 3911 2851 4056; x_wconf 74' lang='lat' dir='ltr'>Kraussio</span> 
     </span>
     <span class='ocr_line' id='line_1_31' title="bbox 562 4043 2852 4164; baseline 0.004 -21"><span class='ocrx_word' id='word_1_202' title='bbox 562 4073 991 4163; x_wconf 90' lang='lat' dir='ltr'>peculiarem</span> <span class='ocrx_word' id='word_1_203' title='bbox 1026 4072 1291 4144; x_wconf 87' lang='lat' dir='ltr'>fontem</span> <span class='ocrx_word' id='word_1_204' title='bbox 1329 4051 1665 4144; x_wconf 83' lang='lat' dir='ltr'>statuere.</span> <span class='ocrx_word' id='word_1_205' title='bbox 1740 4055 2067 4145; x_wconf 85' lang='lat' dir='ltr'>Ceterum</span> <span class='ocrx_word' id='word_1_206' title='bbox 2101 4043 2188 4145; x_wconf 82' lang='lat' dir='ltr'>ne</span> <span class='ocrx_word' id='word_1_207' title='bbox 2224 4075 2358 4146; x_wconf 91' lang='lat' dir='ltr'>hoc</span> <span class='ocrx_word' id='word_1_208' title='bbox 2394 4043 2688 4164; x_wconf 70' lang='lat' dir='ltr'>quidem</span> <span class='ocrx_word' id='word_1_209' title='bbox 2733 4084 2852 4155; x_wconf 79' lang='lat' dir='ltr'>ab</span> 
     </span>
     <span class='ocr_line' id='line_1_32' title="bbox 564 4209 2858 4300; baseline 0.001 -19"><span class='ocrx_word' id='word_1_210' title='bbox 564 4210 751 4281; x_wconf 90' lang='lat' dir='ltr'>omni</span> <span class='ocrx_word' id='word_1_211' title='bbox 780 4209 1218 4280; x_wconf 90' lang='lat' dir='ltr'>dubitatione</span> <span class='ocrx_word' id='word_1_212' title='bbox 1247 4215 1645 4300; x_wconf 86' lang='lat' dir='ltr'>exemptum</span> <span class='ocrx_word' id='word_1_213' title='bbox 1674 4217 1800 4294; x_wconf 87' lang='lat' dir='ltr'>est,</span> <span class='ocrx_word' id='word_1_214' title='bbox 1840 4212 1962 4281; x_wconf 86' lang='lat' dir='ltr'>sed</span> <span class='ocrx_word' id='word_1_215' title='bbox 2007 4212 2094 4282; x_wconf 86' lang='lat' dir='ltr'>de</span> <span class='ocrx_word' id='word_1_216' title='bbox 2120 4212 2473 4290; x_wconf 83' lang='lat' dir='ltr'>uberrimo</span> <span class='ocrx_word' id='word_1_217' title='bbox 2511 4221 2858 4294; x_wconf 77' lang='lat' dir='ltr'>auctore</span> 
     </span>
    </p>
   </div>
   <div class='ocr_carea' id='block_1_7' title="bbox 3036 1307 3041 1808">
    <p class='ocr_par' dir='ltr' id='par_1_10' title="bbox 3036 1307 3041 1808">
     <span class='ocr_line' id='line_1_33' title="bbox 3036 1307 3041 1808; baseline 0 0"><span class='ocrx_word' id='word_1_218' title='bbox 3036 1307 3041 1808; x_wconf 95' lang='lat' dir='ltr'> </span> 
     </span>
    </p>
   </div>
  </div>
 </body>
</html>
