3084 4809
516 317 659 388 136
2245 317 2331 388 0:
2385 318 2503 399 11,
2559 336 2752 390 7-18.

516 529 775 608 nasset,
829 523 953 595 ubi
991 524 1356 596 Vitelliani
1384 524 1741 616 ‚agebant
1851 523 2079 594 Simili
2135 524 2337 595 modo
2375 523 2668 613 Hagge
2697 515 2760 616 ¹)

514 663 753 732 locum
790 662 1145 752 explicare
1200 665 1454 747 studet,
1511 664 1633 734 sed
1687 662 2036 753 glossema
2085 661 2335 734 Tacito
2391 659 2761 743 adscribit,

513 800 639 889 qui
693 800 958 871 fontem
1028 821 1248 890 prave
1317 799 1761 891 suplevisset,
1830 820 1985 872 cum
2043 800 2319 872 Aduam
2388 800 2478 869 ad
2531 799 2765 887 ipsam

522 945 939 1011 {fremonam
1018 939 1092 1009 in
1154 939 1426 1010 Padum
1521 938 1786 1011 effundi
1865 938 2271 1028 cogitasset.
2396 933 2544 1008 Sed
2619 936 2763 1007 hoc

526 1051 801 1148 vitium⁸
854 1076 1084 1148 maius
1166 1081 1291 1159 est,
1376 1097 1583 1166 quam
1663 1081 1745 1146 ut
1798 1076 2049 1148 Tacito
2131 1074 2431 1150 attribui
2509 1074 2755 1172 possit.

526 1217 574 1285 ‘1³
610 1239 642 1281 ιςε
674 1225 706 1285 t.
734 1234 769 1285 e
796 1236 833 1285 r
863 1210 927 1308 2)
1008 1214 1319 1295 eiusdem
1400 1214 1662 1285 erroris
1744 1214 2070 1286 Tacitum
2141 1213 2384 1306 arguit
2454 1218 2524 1284 et
2587 1230 2765 1293 ¹eum.

526 1352 850 1423 variandi
929 1371 1146 1426 causa
1230 1352 1429 1424 illum
1499 1352 1764 1434 locum,
1847 1372 1986 1423 non
2059 1352 2474 1423 Cremonam
2552 1350 2763 1420 finem

530 1490 796 1561 itineris
883 1489 1444 1562 Othonianorum
1515 1490 1957 1580 perhibuisse
2011 1488 2419 1572 existimat.
2547 1487 2767 1568 Otho-

530 1633 771 1697 nianus
837 1635 1072 1707 autem
1111 1633 1421 1717 pontem
1486 1628 1782 1717 petiisse
1847 1627 2125 1710 conicit,
2201 1646 2404 1715 quem
2459 1624 2772 1696 Caecina

522 1771 854 1837 strueret..
942 1765 1075 1836 Sed
1112 1785 1324 1864 ‚pons
1360 1764 1480 1836 ille
1534 1784 1758 1854 neque
1815 1786 1858 1835 a
1913 1764 2164 1867 Tacito
2220 1763 2521 1853 amplius
2575 1783 2755 1835 com·

526 1907 969 1985 inoeumratur,
1026 1922 1249 1993 neque
1305 1902 1582 1974 omnino
1638 1902 1854 1987 ullius
1912 1909 2068 1984 erat
2119 1887 2472 1973 momenti.
2545 1901 2764 1972 Peter

522 2065 598 2109 επ]
670 2041 949 2123 nititur,
1037 2042 1223 2131 quod
1277 2040 1584 2114 Caecina
1659 2040 1856 2129 prior
1923 2040 2007 2109 de
2076 2039 2388 2111 hostium
2457 2040 2776 2131 adventu

526 2181 789 2249 certior
824 2178 1059 2249 factus
1104 2181 1309 2261 esset,
1366 2179 1487 2248 sed
1523 2197 1611 2249 ne
1644 2177 1782 2249 hoc
1818 2176 2097 2266 quidem
2135 2176 2429 2248 Tacitus
2464 2196 2766 2265 usquam

526 2317 767 2385 tradit.
890 2318 1111 2387 Immo
1182 2336 1339 2407 cum
1407 2336 1471 2386 c.-
1526 2316 1646 2398 41,
1707 2314 1903 2385 7--8
1962 2314 2302 2403 scriptum
2354 2314 2764 2403 habeamus,

530 2457 906 2525 [laminam
960 2454 1043 2535 de
1097 2453 1407 2525 hostium
1461 2454 1774 2526 adventu
1828 2452 2200 2524 certiorem
2254 2451 2542 2552 factum,
2607 2470 2772 2522 cum

530 2593 594 2661 in
642 2595 877 2661 castra
914 2591 1337 2672 advenisset,
1376 2592 1618 2662 datum
1657 2590 1855 2663 iussu
1890 2589 2102 2664 Fabii
2129 2589 2451 2684 Valentis
2487 2608 2773 2678 pugnae

530 2733 806 2817 signum
878 2733 950 2800 et
1002 2728 1295 2798 militem
1348 2728 1417 2797 in
1494 2727 1712 2798 armis
1777 2727 2152 2811 invenisse,
2218 2726 2781 2800 concludendum

530 2873 654 2949 est.
714 2865 1083 2937 Valentem
1136 2865 1442 2953 priorem
1496 2864 1853 2954 accepisse
1896 2864 2239 2935 nuntium.
2315 2905 2390 2915 —-
2445 2865 2774 2936 Momm-

530 3029 614 3073 sn
638 3029 676 3073 ῃ
706 2997 766 3101 3)
833 3003 1160 3074 Tacitum
1225 3002 1365 3073 alio
1435 3003 1639 3073 modo
1695 3000 1953 3073 falsum
2006 3002 2206 3073 illum
2258 3000 2510 3085 locum,
2569 3022 2779 3093 quem

534 3145 809 3213 *annino
872 3141 1194 3231 peterent
1259 3135 1677 3222 Othoniani,¹
1744 3159 1900 3210 cum
1965 3158 2046 3210 eo
2113 3114 2546 3212 confudisse*
2586 3140 2781 3211 arbi-

534 3293 784 3361 †ra†.ur,
841 3279 931 3348 ad
986 3297 1189 3366 quem
1244 3276 1366 3347 illo
1421 3277 1533 3346 die
1586 3276 1955 3365 pervenire
1999 3275 2282 3349 vellent.
2374 3276 2555 3347 Nam
2611 3296 2779 3348 con-

542 3421 830 3486 fluentes
868 3414 928 3485 si
966 3416 1321 3503 petebant,
1355 3414 1770 3484 Cremonam
1806 3434 1925 3484 eos
1953 3412 2343 3502 praeterire
2381 3416 2782 3503 oportebat,

534 3573 602 3625 111
677 3552 984 3625 hostium
1051 3551 1124 3621 in
1193 3556 1397 3640 terga
1450 3550 1920 3639 pervenirent.
2028 3552 2282 3641 Itaque
2337 3550 2785 3624 Othonianos

534 3697 618 3761 aii
690 3689 1121 3762 confluentes
1186 3687 1369 3759 Padi
1434 3694 1505 3758 et
1559 3689 1808 3759 Aduae
1875 3708 2055 3778 pone
2111 3688 2522 3762 Cremonam
2563 3689 2784 3761 ‘sitos

738 3927 785 3988 1)
854 3924 1111 3995 Hagge
1158 3922 1633 3995 ,Bemerkungen
1680 3938 1754 3975 zu
1809 3922 1945 3977 dem
1995 3922 2296 3995 Feldzuge
2347 3923 2456 3978 des
2500 3923 2782 4003 Vitellius

542 4013 650 4065 nm!
682 4011 834 4065 Otho
860 4009 1015 4064 nach
1041 4007 1147 4064 der
1169 4008 1559 4079 Darstellung
1584 4007 1688 4063 des
1713 4008 1986 4064 Tacitus‘.
2016 4009 2227 4079 >Progr.
2256 4009 2397 4065 Kiel
2423 4011 2571 4065 1864.
2607 4028 2660 4082 p.
2694 4010 2784 4065 20.

738 4096 791 4163 2)
859 4095 1077 4154 Peter
1122 4093 1496 4165 ,Geschichte
1537 4094 1741 4149 Roms‘
1789 4094 1965 4150 Halle
2012 4096 2160 4150 1869.
2206 4095 2316 4165 ΠΙ,
2357 4096 2410 4165 2,
2445 4114 2499 4167 p.
2535 4096 2610 4151 28
2640 4095 2777 4151 adn.

742 4182 795 4251 3)
862 4182 1260 4237 Mommsen
1306 4181 1508 4238 Herm.
1559 4182 1627 4238 V.
1674 4180 1802 4252 ,Die
1849 4181 2064 4238 beiden
2111 4182 2466 4242 Schlachten
2512 4199 2629 4242 von
2662 4182 2778 4238 Be·-

558 4269 829 4325 ·.[1·if=.cum‘
865 4286 917 4346 p.
959 4268 1056 4323 166
1092 4284 1175 4343 sq.
