3084 4809
478 269 566 338 18
2232 267 2317 337 G.
2374 266 2494 347 19,
2548 282 2699 338 3—6.

468 472 717 561 negari
786 493 923 543 non
987 477 1219 562 potest
1269 511 1369 522 --
1420 492 1584 541 nam
1649 470 1942 542 Tacitus
2022 491 2297 560 quoque
2363 490 2423 539 c.
2489 469 2599 552 19,
2662 471 2702 537 7

474 609 946 681 crebrioribus
1001 609 1074 679 in
1111 609 1258 679 dies
1313 607 1778 679 Germanicae
1816 606 2181 678 seditionis
2229 606 2493 677 nuntiis
2535 606 2708 678 civi-

468 750 688 816 tatem
739 739 1225 834 perturbatam
1278 765 1429 816 esse
1481 745 1737 834 prodit,
1795 786 1894 795 ——
1921 745 2097 815 haec
2163 764 2251 815 ex
2303 744 2446 815 alio
2514 742 2709 814 fonte

470 888 748 972 sumpta
803 902 975 953 esse.
1084 882 1221 952 Sed
1272 902 1410 953 non
1466 886 1574 951 est
1642 901 1946 952 necesse.
2056 881 2252 965 Quae
2319 887 2712 972 sequuntur

469 1019 650 1090 nihil
703 1021 940 1090 obstat
992 1040 1129 1108 quo
1182 1020 1414 1089 minus
1467 1040 1511 1089 a
1567 1018 1817 1089 Tacito
1871 1017 2190 1108 profecta
2244 1018 2417 1088 sint:

469 1246 537 1297 v.
596 1225 789 1294 3--6
850 1225 882 1291 ὅ
922 1222 995 1291 δὲ
1033 1220 1379 1320 φοβηθεὶς,
1419 1226 1513 1298 ὡς
1551 1223 1642 1318 μὴ
1682 1224 1795 1315 μό·
1892 1243 1951 1293 c.
2040 1209 2158 1308 12,ι
2223 1224 2414 1293 5-7
2496 1226 2711 1292 malu-

471 1384 577 1429 νον
615 1359 720 1429 διὰ
754 1360 827 1428 τὸ
864 1367 1091 1455 γῆρας,
1145 1359 1315 1429 ἀλλὰ
1366 1360 1471 1429 καὶ
1525 1358 1631 1428 διὰ
1678 1359 1795 1454 τὴν
1890 1363 2063 1429 ravit
2145 1382 2224 1430 ea
2310 1380 2413 1429 res
2498 1364 2714 1428 consi-

472 1495 776 1566 ἀπαιδίαν
874 1497 1508 1591 καταφρονούμενος,
1609 1494 1798 1594 ἐβου-
1894 1496 2052 1565 lium
2097 1494 2356 1585 Galbae,
2393 1501 2522 1564 iam
2561 1500 2715 1587 pri-

472 1631 698 1702 λεύετο
750 1630 954 1701 παῖδα
993 1629 1233 1701 θέσθαι
1281 1640 1413 1702 τῶν
1467 1630 1797 1728 ἐπιφανῶν
1894 1632 2033 1702 dem
2087 1633 2164 1702 cle
2215 1618 2552 1725 adoptimie
2609 1654 2713 1701 se—

474 1793 610 1838 τινα
643 1769 967 1838 νεανίσκον
993 1769 1099 1837 καὶ
1129 1767 1427 1865 διάδοχον
1464 1767 1799 1847 ἀποδεῖξαι
1894 1791 2034 1838 eum.
2090 1773 2152 1838 et
2201 1791 2342 1840 cum
2388 1772 2712 1861 promimis

471 1912 589 2000 τῆς
642 1905 872 2001 ἀρχῆς.
1894 1910 2233 2001 agitantia

477 2112 559 2180 In
612 2111 724 2180 his
777 2111 1207 2182 Plutarchus
1271 2132 1411 2181 non
1490 2100 1714 2181 solum
1802 2111 2009 2183 valde
2097 2112 2454 2183 claudicat
2541 2107 2714 2209 (duo

357 2265 361 2269 ·
471 2247 849 2337 participia
903 2248 1311 2330 coniuncta,
1366 2254 1575 2344 γῆρας
1629 2254 1700 2319 et
1753 2246 2026 2317 ἀπαιδία
2079 2258 2226 2319 tam
2281 2250 2711 2320 sollemniter

476 2385 799 2473 opposita
852 2385 1234 2456 iniucunda
1288 2391 1478 2468 sunt,
1552 2385 1848 2474 denique
1915 2386 2362 2475 adoptionem
2415 2387 2488 2457 in
2542 2388 2715 2457 duas

476 2520 733 2592 dividit
813 2527 1071 2610 partes,
1144 2522 1372 2612 ipsam
1441 2522 1888 2611 adoptionem
1956 2528 2028 2591 et
2087 2523 2716 2612 proclamationem

478 2653 864 2755 Caesaris),
921 2660 1042 2728 sed
1095 2658 1325 2728 minus
1379 2665 1714 2729 accurate
1767 2679 1915 2729 rem
1969 2666 2275 2729 enarrat.
2394 2659 2575 2727 Nam
2630 2676 2719 2726 ex

476 2795 714 2866 verbis
765 2795 915 2865 eius
967 2795 1320 2884 conligere
1355 2816 1748 2885 possumUS,
1790 2795 2091 2866 Galbam
2127 2816 2264 2865 non
2298 2793 2433 2863 nisi
2468 2792 2713 2862 nuntio

478 2931 719 3001 adlato
775 2932 1158 3036 adoptandi
1213 2932 1583 3003 consilium
1638 2933 1925 3022 cepisse,
1981 2934 2051 3003 id
2109 2933 2291 3023 quod
2348 2936 2415 3001 et
2460 2929 2715 3001 Tacito

471 3073 821 3158 repugna-t
894 3089 953 3139 c.
1030 3069 1144 3152 12,
1217 3071 1256 3139 7
1263 3071 1410 3140 —8
1479 3092 1606 3138 non
1674 3091 1831 3139 sane
1910 3068 2193 3140 crebrior
2268 3072 2399 3138 tota
2464 3070 2720 3139 civitate

471 3225 682 3274 sermo
724 3226 850 3298 per
900 3206 1048 3275 illos
1113 3227 1359 3276 menses
1418 3208 1659 3300 fuerat,
1716 3211 1786 3277 et
1839 3206 1958 3289 iis,
2017 3227 2197 3295 quae
2251 3206 2400 3296 ipse
2464 3225 2718 3276 memo-

474 3343 668 3414 ravit
720 3337 845 3438 (cf.
906 3344 991 3414 G.
1050 3363 1108 3413 c.
1170 3337 1320 3438 21).
1405 3345 1657 3432 Itaque
1702 3343 1835 3414 hoc
1872 3343 2313 3413 enuntiatum
2367 3365 2411 3412 a
2466 3343 2716 3414 Tacito

472 3479 808 3567 petivisse
875 3479 1188 3568 videtur3
1258 3484 1419 3569 post
1481 3500 1683 3563 vero,
1754 3500 1911 3551 cum
1977 3483 2201 3550 totam
2272 3480 2718 3569 adoptionem

474 3636 612 3686 uno
664 3620 904 3686 tenore
952 3636 1039 3686 ex
1090 3616 1231 3687 alio
1285 3615 1477 3687 fonte
1532 3617 1980 3702 describeret,
2021 3617 2295 3706 Galbae
2350 3616 2720 3687 consilium

477 3752 727 3823 melius
775 3752 1122 3854 narravit,
1179 3753 1354 3823 illud
1407 3759 1643 3824 autem
1705 3775 1844 3825 non
1897 3755 2204 3827 mutavit
2257 3753 2718 3824 enuntiatum.

477 3889 748 3973 Quibus
803 3887 1037 3962 causis
1077 3889 1308 3960 Galba
1361 3890 1452 3960 ad
1506 3891 1892 3979 adoptandi
1943 3891 2313 3963 consilium
2365 3894 2723 3979 permotus

473 4026 587 4107 sit,
643 4027 776 4096 hoc
832 4026 1108 4115 quidem
1165 4027 1318 4097 loco
1381 4048 1519 4098 non
1574 4028 1796 4098 tradit
1846 4028 2160 4111 TacituS,
2220 4028 2341 4098 sed
2405 4003 2717 4096 senectu-

472 4167 613 4233 tem
685 4163 926 4233 statim
999 4162 1231 4234 adfert
1302 4184 1361 4234 c.
1445 4165 1555 4246 12,
1634 4168 1674 4235 9
1720 4166 1898 4262 sessa
1980 4170 2112 4235 iam
2192 4166 2404 4235 aetate
2445 4163 2720 4234 ‘Galbae
