3084 4809
346 326 425 400 Ο.
488 327 600 410 11,
633 345 808 400 '1—7.
2445 325 2583 398 133

345 534 438 605 iis
491 553 670 624 quae
707 532 1151 604 antecedunt.
1259 532 1443 603 Sane
1483 532 1620 603 hoc
1657 537 1848 603 recte
1884 532 2151 603 dictum
2188 539 2313 617 est,
2368 555 2584 624 quan-

342 692 553 762 quam
590 671 829 761 aliquo
867 672 1109 742 labore
1158 669 1276 761 qui
1331 670 1425 741 sit
1478 690 1715 741 rerum
1767 691 1989 743 nexus
2043 672 2276 746 evinci
2327 679 2580 764 potest.

343 810 481 881 Sed
520 809 692 881 item
729 809 1029 880 obscura
1065 813 1250 890 sunt,
1289 827 1469 899 quae
1499 807 1930 882 Plutarchus
1964 812 2277 898 praebet.
2342 812 2585 902 Neque

336 947 528 1018 enim
585 946 755 1036 quid
805 945 949 1017 illis
1000 945 1304 1018 navibus
1358 944 1817 1018 incendiariis
1871 947 2145 1036 egerint
2200 948 2584 1021 Othoniani

333 1085 651 1176 exponit,
732 1103 955 1173 neque
1033 1103 1170 1172 quo
1251 1082 1455 1153 modo
1535 1080 1801 1153 factum
1876 1084 1971 1154 sit
2040 1086 2384 1174 proelium
2461 1094 2590 1160 aut

332 1225 682 1295 cohaerat
749 1242 904 1293 cum
971 1220 1246 1292 ceteris.
1356 1220 1513 1303 Qua
1582 1238 1659 1290 re
1725 1219 2192 1296 Plutarchum
2257 1224 2387 1295 has
2440 1232 2585 1297 tres

328 1381 620 1453 pugnae
687 1365 926 1449 partes
992 1380 1128 1430 non
1194 1378 1282 1429 ex
1346 1376 1487 1428 uno
1556 1356 1932 1447 eodemque
2000 1359 2193 1430 fonte
2261 1361 2583 1434 hausisse

327 1505 534 1591 puto,
584 1517 790 1589 quem
826 1497 1119 1569 Tacitus
1156 1496 1230 1567 in
1267 1500 1647 1585 angustum
1685 1498 2140 1582 contraxerit,
2180 1500 2303 1570 sed
2339 1521 2580 1574 secun-

329 1641 500 1710 dam
541 1637 827 1710 aliunde
862 1635 1158 1725 petitam
1205 1634 1277 1704 in
1330 1632 1763 1704 narrationis
1816 1638 2128 1708 tenorem
2181 1636 2580 1712 inseruisse.

334 1775 699 1866 Sequitur,
765 1778 1054 1846 auctore
1109 1791 1268 1843 eum
1321 1791 1525 1842 usum
1581 1789 1753 1854 esse,
1811 1771 1930 1861 qui
1983 1774 2069 1845 de
2123 1776 2426 1851 navibus
2480 1779 2581 1850 in-

331 1912 720 1985 cendiariis
772 1915 1062 1993 taceret,
1119 1908 1304 1998 quod
1357 1907 1551 1978 cadit
1603 1906 1677 1977 in
1731 1907 2077 1982 Tacitum.

14 2042 19 2237 J
547 2103 717 2191 Gap.
766 2102 878 2172 XI
915 2097 1298 2172 Othoniani
1346 2097 1586 2167 hostes
1633 2096 2164 2185 adgrediuntur.
2260 2103 2368 2173 De
2422 2127 2580 2176 con-

14 2240 17 2343 .
334 2241 497 2313 silio
556 2244 628 2310 et
680 2238 933 2310 itinere
987 2257 1227 2308 eorum
1279 2234 1707 2306 dissentiunt
1757 2234 2074 2307 homines
2129 2239 2338 2311 docti.

334 2378 571 2453 v.1-7
587 2375 949 2470 γενομένων
966 2372 1037 2444 δὲ
1055 2375 1301 2444 τούτων
1320 2373 1573 2441 καὶτῶν
1595 2370 1661 2439 ἐν
1705 2363 1712 2484 Ι
1769 2393 1828 2444 c.
1883 2374 1999 2461 39,
2055 2375 2096 2446 6
2143 2379 2325 2451 miles
2364 2381 2581 2453 alacer

338 2511 696 2613 Βητριακῷ
750 2520 1159 2610 στρατιωτῶν
1212 2516 1323 2581 τοῦ
1360 2501 1663 2586 Ὄθωνος
1704 2487 1711 2620 1
1770 2589 1786 2605 ‚
1845 2590 1859 2605 ,
1921 2590 1935 2605 ‚
1994 2557 2060 2609 v,
2126 2529 2164 2606 7
2216 2544 2583 2629 promoveri

336 2653 793 2751 ἐκφερομένων
815 2646 947 2744 μετ’
971 2651 1171 2747 ὀργῆς
1185 2648 1422 2744 ἐπὶτὴν
1437 2648 1660 2746 μάχην
1767 2687 1860 2759 ad
1879 2693 2181 2784 quartum
2209 2714 2250 2761 a
2270 2689 2578 2764 Bedriaco

332 2792 714 2890 προήγαγεν
753 2788 985 2867 αὐτοὺς
1026 2792 1060 2861 ὅ
1099 2785 1389 2887 Πρόκλος
1434 2787 1503 2858 ἐκ
1548 2792 1660 2858 τοῦ
1766 2848 1981 2917 castra
2076 2846 2333 2939 placuit
2425 2848 2582 2921 adeo

326 2925 734 3027 Βητριακοῦ,
785 2928 889 2997 καὶ
956 2925 1662 3024 κατεστρατοπέδευσεν

331 3068 477 3139 ἀπὸ
503 3067 905 3162 πεντήκοντα
933 3063 1209 3134 σταδίων
1237 3063 1442 3139 οὕτως
1470 3063 1658 3133 ἀπεί-
1766 3005 2074 3093 imperit&
2111 3005 2187 3073 ut
2205 3025 2575 3098 quanquam

334 3230 475 3304 ρως
545 3203 652 3273 καὶ
710 3200 1230 3298 καταγελάστως,
1296 3201 1489 3285 ὥστε,
1543 3206 1663 3297 τῆς
1766 3177 1959 3227 ”erm
2009 3160 2287 3250 tempm'e
2320 3163 2484 3228 ‘mni
2514 3161 2579 3229 et

334 3340 462 3435 μὲν
537 3341 715 3437 ὥρας
778 3339 1038 3437 ἐαρινῆς
1105 3334 1324 3434 οὔσης,
1395 3345 1525 3408 τῶν
1590 3336 1661 3408 δὲ
1766 3312 1858 3380 ῗθῖ
1938 3315 2179 3381 θῖνθαῃῑ
2275 3307 2575 3382 amnibus

335 3477 559 3575 κύκλῳ
629 3475 870 3547 πεδίων
939 3474 1154 3571 πολλὰ
1221 3475 1478 3568 νάματα
1558 3477 1662 3547 καὶ
1756 3469 2038 3558 penuria
2082 3486 2289 3558 aquae
2314 3467 2572 3561 saliga-

337 3615 672 3709 ποταμοὺς
716 3613 1026 3694 ἀεννάους
1076 3615 1376 3711 ἐχόντων,
1431 3614 1662 3694 ὕδατος
1763 3621 2009 3690 rentur.
2054 3715 2057 3718 Ι

338 3754 576 3826 σπάνει
629 3751 987 3862 πιέζεσθαι.

336 3892 582 3964 Prima
646 3893 865 3966 verba
918 3892 1279 3986 γενομένων
1347 3891 1419 3963 δὲ
1484 3893 1730 3963 τούτων
1794 3893 2138 3965 transitus
2193 3912 2408 3964 causa
2461 3892 2566 3963 in-

340 4036 536 4103 serta
601 4035 797 4118 sunt3
870 4027 1169 4100 militum
1230 4030 1589 4120 pugnandi
1656 4032 1975 4102 ardorem
2003 4026 2062 4124 ¹)
2125 4036 2195 4102 et
2257 4030 2567 4119 regionis

549 4280 599 4356 1)
669 4281 873 4354 Neque
910 4296 1056 4352 opus
1094 4284 1186 4335 est
1218 4280 1501 4352 peculiari
1533 4284 1713 4338 tonte.
