3084 4809
542 323 640 414 36,
990 422 995 428 .
2238 328 2324 404 G.
2384 330 2499 415 22,
2553 349 2768 424 aes-39.

535 531 900 625 nobiscum
918 534 1434 624 „communicat
1464 553 1715 624 ¹neque
1743 532 2084 622 Tacitus„
2123 535 2244 628 qui
2277 555 2372 608 ,c.‘
2418 538 2511 608 52
2553 535 2769 608 Vitel-

535 668 709 739 lium
761 690 807 740 a
842 670 1139 764 Valente
1194 670 1613 762 instigatum
1666 690 1818 765 esse
1869 671 2114 755 tradit,
2152 672 2355 744 illum
2408 673 2772 748 dubitasse

536 806 731 888 dicit.
780 887 785 896 ‚
838 808 1089 898 Itaque
1155 814 1393 880 textus
1452 814 1835 898 corruptus
1899 829 2054 880 esse
2123 809 2429 882 videtur.
2536 812 2770 901 Atque

537 943 1039 1032 Meudelssohn
1087 945 1230 1016 leni
1285 946 1674 1020 mutatione
1728 945 2173 1024 scribendum
2234 948 2603 1037 proposuit
2652 953 2773 1043 τῆς

539 1076 685 1174 μὲν
710 1076 999 1175 πρόσθεν
1051 1082 1326 1178 ἡμέρας,
1381 1083 1486 1154 ita
1536 1089 1624 1154 ut
1670 1081 2029 1174 aquiliferi
2082 1084 2156 1154 in
2208 1089 2449 1155 castra
2496 1084 2772 1156 Vitellii

535 1217 885 1324 adventus
944 1218 1489 1308 significaretur.
1612 1221 1742 1291 Ita
1798 1218 2032 1291 omnia
2097 1221 2273 1296 bene
2337 1240 2415 1291 se
2481 1220 2767 1293 habent.

530 1311 814 1446 Incerto
848 1356 1121 1442 =nuntio
1187 1356 1428 1427 adlato
1491 1355 1827 1430 Vitellius
1885 1356 2274 1428 dubitabat
2326 1362 2399 1428 et
2449 1358 2769 1445 timebat,

528 1495 809 1580 postero
890 1492 1002 1580 die
1084 1513 1128 1562 a
1207 1494 1505 1566 Valente
1585 1493 1958 1574 excitatus
2017 1494 2388 1583 imperium
2468 1497 2768 1585 accepit.

530 1624 829 1724 Πρόσθεν
860 1629 1342 1719 ,scribendum
1360 1685 1376 1711 ‚
1440 1631 1611 1720 quia
1680 1628 2051 1725 ἔμπροσθεν
2122 1601 2284 1704 (311111
2344 1632 2567 1729 ἡμέρα
2631 1655 2776 1708 non

532 1766 986 1856 coniungitur
1039 1759 1161 1863 (ef.
1201 1768 1382 1840 Xen.
1423 1769 1556 1838 An.
1597 1766 1693 1852 II,
1755 1767 1821 1851 3,
1878 1770 2015 1863 1τῇ
2055 1766 2171 1861 μὲν
2209 1766 2498 1865 πρόσθεν
2549 1772 2781 1869 ἡμέρᾳ

529 1953 546 1970 .
582 1954 611 1993 ,1
635 1955 652 1972 .
687 1903 834 1973 τότε
863 1902 937 1973 δὲ
972 1909 1129 1977 313..
1213 1906 1371 1990 Hoc
1407 1905 1631 1996 igitur
1656 1906 2085 1977 Plutarchus
2114 1907 2397 1980 aliunde
2433 1905 2775 2008 hausit¹).

530 2040 773 2130 ——Eo
830 2041 1225 2144 suspectius
1280 2048 1386 2113 est
1440 2044 1623 2133 quod
1676 2043 1925 2113 deinde
1960 2043 2284 2133 legimus.
2358 2044 2771 2118 Mirandum

528 2177 711 2248 enim
734 2233 750 2260 ‚
833 2180 1024 2267 quod
1133 2178 1543 2252 Suetonium
1630 2179 2249 2268 diligentissimum
2336 2180 2493 2252 eius
2579 2182 2768 2252 modi

525 2313 951 2402 fabellarum
1018 2315 1561 2404 conquisitorem
1632 2316 1809 2386 haec
1862 2317 2139 2405 quidem
2193 2316 2386 2406 fugit
2436 2312 2556 2414 (cf.
2612 2316 2752 2387 Vit.

523 2446 740 2548 ωδ).
848 2452 1113 2538 Credas
1149 2447 1452 2538 fortasse
1504 2458 1806 2542 propter.
1846 2453 2164 2524 additum
2218 2455 2515 2526 verbum
2560 2450 2749 2545 φασὶν

526 2589 990 2675 Plutarchum
1028 2591 1425 2679 ‘integram
1468 2592 1806 2679 praebere
1859 2590 2465 2664 narratiunculum
2482 2644 2499 2673 ,
2556 2610 2767 2680 quam

529 2724 822 2812 auribus
889 2727 1351 2817 perceperit,
1397 2728 1519 2812 sed
1600 2747 1689 2797 ex
1764 2727 1917 2797 eius
1997 2728 2185 2813 modi
2263 2727 2769 2801 additamentis

527 2861 708 2952 nihil
742 2862 1112 2936 *concludi
1187 2882 1392 2952 posse
1470 2862 1659 2962 infra
1742 2864 2153 2969 videbimus,
2286 2864 2441 2948 Qua
2517 2882 2597 2933 re
2675 2883 2774 2936 ex

527 3001 663 3082 hoc
713 2999 869 3086 loco
922 2999 1103 3088 nihil
1157 2999 1618 3083 concluserim
1636 3053 1653 3082 ‚
1715 3000 1835 3071 sed
1889 3020 2068 3089 quae
2123 3000 2528 3089 discrepant
2579 3003 2775 3090 apud

522 3136 1019 3226 ΒΙΠιῇΓᾳὶιηΠν
1056 3137 1198 3222 alio
1267 3138 1470 3220 modo
1538 3142 1703 3224 sunt
1754 3137 2172 3226 explicanda
2202 3132 2287 3233 ²).
2397 3136 2537 3208 Sed
2589 3137 2790 3226 haecg

521 3274 888 3363 hactenus-

729 3561 782 3627 1)
846 3559 1085 3624 ,Krauss
1130 3559 1272 3613 adn.
1317 3558 1405 3612 22
1430 3563 1593 3613 recte
1638 3558 1911 3615 Clasonio
1957 3558 2216 3632 obsistit,
2260 3558 2384 3630 qui
2402 3577 2459 3631 p.
2500 3560 2571 3617 31
2614 3561 2780 3620 haec

519 3627 823 3699 Plutarchi
858 3645 1040 3700 verba
1076 3650 1204 3699 orta
1243 3660 1374 3698 esse
1418 3649 1625 3698 censet
1661 3662 1735 3699 ex
1770 3645 1908 3698 Tac.
1945 3662 1992 3698 c.
2027 3629 2121 3714 57,
2156 3645 2187 3699 7
2222 3648 2371 3696 scires
2406 3647 2539 3697 illum
2574 3649 2778 3715 (exer.

524 3731 706 3785 eitum
741 3730 1128 3801 superiorem)
1155 3732 1325 3797 priore
1357 3730 1466 3784 bida
1469 3747 1496 3780 o
1529 3749 1589 3781 no
1592 3749 1621 3781 n
1653 3749 1794 3794 penes
1825 3748 1927 3780 rem
1957 3732 2097 3795 p'ubli
2075 3749 2192 3782 tcum
2208 3731 2400 3795 fui-sse.⁸

720 3833 789 3906 2),
847 3830 1138 3906 Equidem
1172 3831 1557 3894 Plutarchum
1600 3831 1919 3908 memoriae
1963 3831 2130 3907 vitio⁴
2157 3832 2306 3886 duas
2348 3849 2447 3887 res
2492 3832 2780 3893 diversas

518 3937 555 3974 a
590 3919 796 3974 Tacito
833 3934 1103 3972 seorsum
1137 3923 1406 3972 narratas
1443 3916 1507 3971 in
1539 3935 1727 3972 unum
1763 3918 2128 3973 contraxisse
2164 3918 2445 3988 suspicor.
2517 3918 2781 3979 Tacitus

519 4004 692 4074 enim,
747 3999 1060 4075 postquam
1116 4019 1164 4057 c.
1204 4003 1277 4058 57
1328 3995 1630 4058 'Vitellium
1672 4003 2085 4074 imperatorem
2135 4001 2572 4058 consalutatum
2625 4022 2781 4065 esse

515 4090 794 4164 narravit,
842 4107 889 4145 c.
932 4090 1136 4144 58—61
1181 4088 1323 4160 quii
1365 4088 1429 4142 in
1473 4089 1704 4148 ceteris
1732 4088 2051 4162 provinciis
2098 4087 2379 4144 acoiderit
2415 4088 2779 4159 exponit—-

516 4176 675 4247 quod
709 4173 1062 4229 Plutarchus
1097 4169 1518 4245 praetermittit
1552 4205 1618 4214 -
1657 4163 1722 4229 et
1752 4192 1799 4228 c.
1835 4174 1903 4228 62
1940 4175 2017 4229 ad
2042 4171 2356 4230 Vitellium
2388 4172 2546 4228 redit
2580 4179 2781 4244 atque

516 4262 593 4317 de
654 4259 843 4336 titulis
896 4260 1303 4331 principatus
1302 4259 1475 4315 haec
1520 4259 1766 4318 exhibet
1814 4277 1880 4315 v.
1912 4262 1947 4314 6
1992 4277 2079 4331 sq.
2166 4261 2383 4324 torpebat
2446 4258 2662 4314 Vitellius
2723 4280 2786 4320 et
