3084 4809
56 1671 69 2186 V—-rffiffi—*m
60 1581 63 1646 m*

2462 287 2550 355 11

332 493 608 582 quando
678 489 1092 580 scriptorem
1156 490 1458 580 aliquem
1522 491 1834 560 laborem
1895 510 1941 559 a
2003 487 2326 560 Nissenio
2380 489 2556 561 veti·

330 637 477 701 tum
533 630 924 717 suscepisse
992 633 1063 697 et
1125 634 1490 698 auctorum
1559 628 1877 699 diversas
1941 627 2322 706 relationes
2374 626 2560 698 inter

336 786 407 836 se
459 784 928 854 comparasse.
1048 764 1229 834 Sane
1280 764 1416 835 hoc
1466 763 1965 836 vindicandum
2018 765 2155 835 erit
2206 764 2555 854 scriptori,

336 904 527 974 cuius
579 902 858 974 interiit
904 900 1105 985 liber,
1160 902 1469 991 dicitque
1517 901 1772 971 Nissen
1802 896 1859 997 ¹)
1920 907 2043 990 „ut
2085 902 2332 990 paucis
2379 921 2561 972 com-

336 1040 738 1130 plectamur,
796 1059 974 1128 quae
1010 1039 1546 1128 disputavimus
1602 1039 2029 1110 Plutarchus
2066 1048 2354 1110 auctore
2389 1058 2557 1110 usus

340 1183 456 1260 est,
510 1178 630 1268 qui
679 1197 816 1266 quo
861 1177 1062 1246 modo
1097 1196 1211 1246 res
1248 1181 1491 1263 gestae
1527 1182 1761 1246 essent
1796 1175 2329 1266 diligentissime
2365 1196 2556 1247 soru-

342 1320 517 1385 tatus
553 1314 669 1397 sit,
730 1313 851 1402 qui
887 1318 959 1383 et
993 1314 1081 1382 ab
1120 1313 1230 1395 iis,
1289 1312 1410 1401 qui
1443 1332 1558 1383 res
1595 1332 1831 1383 coram
1868 1313 2214 1396 viderant,
2269 1333 2557 1402 percon-

348 1457 522 1522 tatus
548 1451 644 1522 sit
669 1456 738 1522 et
766 1450 988 1521 libros
1017 1451 1241 1520 editos
1277 1449 1725 1520 adhibuerit“
1758 1451 1876 1524 vel
1910 1450 2232 1540 „etiamsi
2265 1449 2559 1521 Tacitus

354 1588 631 1677 vestigia
665 1587 967 1658 fontium
1015 1586 1643 1677 pervestigationis
1694 1589 1784 1658 ab
1837 1595 2126 1659 auctore
2175 1593 2560 1677 usurpatae

358 1724 661 1794 maiorem
696 1730 971 1814 partem
1009 1724 1290 1806 delevit,
1321 1730 1559 1794 tamen
1593 1745 1733 1794 non
1767 1745 1996 1815 pauca
2034 1733 2409 1815 supersunt
2439 1781 2454 1797 .
2491 1781 2502 1794 .
2542 1779 2554 1795 .

211 1941 243 1958 κ
378 1860 676 1947 Apparet,
725 1882 864 1952 qua
901 1861 1272 1951 diligentia
1327 1868 1397 1931 et
1430 1862 1804 1950 prudentia
1856 1883 2026 1933 usus
2080 1863 2176 1933 sit
2226 1868 2543 1935 auctor.“

377 1994 617 2066 Plinius
642 1997 868 2087 igitur,
908 1997 971 2067 si
999 1997 1400 2068 Nissenium
1438 2016 1829 2087 sequamur,
1868 2005 1948 2070 ut
1984 1999 2188 2072 homo
2226 2001 2556 2092 antiquus

369 2151 507 2204 vere
570 2133 925 2205 habendus
1007 2135 1104 2204 sit
1177 2134 1558 2205 historicus
1575 2189 1592 2218 ,
1680 2155 1838 2207 cum
1903 2137 2197 2209 Tacitus
2281 2139 2556 2210 scribae

319 2259 616 2344 ⁸functus
670 2274 762 2344 sit
814 2291 1120 2344 munere.
1229 2274 1428 2357 Quod
1482 2275 1573 2344 ab
1641 2276 1827 2346 omni
1878 2276 2382 2365 probabilitate
2434 2280 2554 2348 ab·

349 2408 593 2481 horret.
704 2412 967 2483 Contra
1019 2412 1392 2482 tenendum
1411 2467 1426 2494 ,
1495 2414 1680 2502 quod
1731 2414 1897 2483 libri
1948 2415 2207 2503 perditi
2258 2415 2562 2505 scriptor

343 2544 558 2619 facere
614 2549 945 2639 potuerit,
1010 2550 1161 2623 sive
1222 2550 1517 2633 Plinius
1574 2551 1725 2622 sive
1771 2552 2098 2635 CluviuS,
2166 2553 2317 2625 sive
2373 2553 2559 2623 alius

339 2685 481 2772 quis
545 2688 710 2771 fuit,
781 2689 915 2759 hoc
983 2688 1233 2758 Tacito
1300 2710 1439 2759 non
1509 2709 1660 2759 esse
1714 2690 2216 2778 denegandum.
2359 2690 2560 2773 Quod

334 2841 484 2893 vero
569 2825 828 2895 Nissen
929 2826 1082 2895 loco
1181 2825 1417 2915 aliquo
1501 2827 1688 2897 omni
1771 2826 2070 2898 fontium
2159 2831 2557 2915 perscruta-

328 2959 504 3031 tione
574 2962 653 3031 id
720 2961 841 3050 agi
906 2962 1107 3045 dicit,
1177 2968 1255 3033 ut
1319 2983 1406 3032 ex
1474 2963 1972 3034 historicorum
2042 2964 2244 3053 quasi
2309 2969 2559 3033 catena

326 3099 630 3184 quadam
698 3097 946 3168 circuli
1013 3099 1361 3187 deperditi
1423 3098 1898 3188 reperiantur,
1967 3105 2157 3170 recte
2223 3099 2343 3168 ille
2408 3099 2556 3188 qui·

326 3234 469 3305 dem
549 3236 693 3305 hoc
775 3235 968 3306 dicit.
1100 3236 1175 3305 Si
1259 3243 1492 3305 autem
1558 3236 1741 3305 hanc
1810 3235 2130 3323 regulam
2197 3235 2421 3305 secuti
2474 3255 2555 3305 eo

319 3372 756 3455 deducimur,
835 3379 944 3455 ut,
1032 3373 1451 3462 ubicumque
1558 3374 1693 3442 duo
1800 3370 2177 3459 scriptores
2281 3370 2554 3460 antiqui

314 3507 499 3580 inter
596 3529 669 3579 se
769 3510 1226 3593 consentiant,
1335 3510 1624 3580 tertium
1728 3509 2033 3597 aliquem
2137 3513 2553 3590 statuamus

309 3645 598 3717 etiamsi
643 3645 710 3715 id
765 3648 946 3736 quod
1013 3646 1320 3717 efficitur
1374 3647 1714 3730 omnibUS,
1771 3666 1950 3744 quae
2004 3646 2088 3716 de
2143 3645 2232 3714 iis
2286 3646 2552 3716 tradita

306 3782 726 3865 habeamus,
781 3788 1144 3872 repugnet,
1203 3784 1276 3854 in
1306 3771 1881 3873 'dogmatismum
1940 3783 2060 3873 qui
2117 3784 2397 3867 dicitur,
2452 3783 2554 3852 in-

305 3920 639 4001 cidimUS,
697 3921 814 4008 qui
867 3941 912 3990 a
965 3921 1461 4008 superstitione
1497 3927 1772 3991 tantum
1810 3923 2165 4010 discrepat
2210 3929 2546 4011 quantum

520 4222 577 4285 1)
647 4220 910 4276 Nissen
946 4239 1001 4292 p.
1034 4223 1134 4276 508
1172 4227 1232 4276 et
1265 4223 1367 4276 514
